Date,Category,Description,Product,Amount,Balance,TransactionID,Type,CurrencyCode,LocationCode,CategoryKey,ProductKey,AmountRaw,BalanceRaw,DateRaw
2/3/2026 9:26 PM,Deposits,Gaming Deposit - Mastercard XX4079 | ID: B568F9CB-79BF-8A52-C543-B3DBDE87BEB1,Financial,+$24.57,$25.52,B568F9CB-79BF-8A52-C543-B3DBDE87BEB1,FiatTransactionDetails,USD,US-NC,DepositsC,FinancialP,24.57,25.52,2026-02-04T02:26:02.0000000+00:00
2/3/2026 9:26 PM,Wagers and Entry Fees and Purchases,Sportsbook wager | ID: 609CE2D6-F5D3-F165-23B6-FC9D18579355,Sportsbook,-$25.00,$0.52,609CE2D6-F5D3-F165-23B6-FC9D18579355,FiatTransactionDetails,USD,US-NC,WagersEntryPurC,SportsbookP,-25,0.52,2026-02-04T02:26:09.0000000+00:00
2/3/2026 9:33 PM,Winnings,Sportsbetting win payout | ID: 89A53B19-245C-CBD1-CECE-528E7EABDAAA,Sportsbook,+$25.00,$25.52,89A53B19-245C-CBD1-CECE-528E7EABDAAA,FiatTransactionDetails,USD,US-NC,WinningsC,SportsbookP,25,25.52,2026-02-04T02:33:21.0000000+00:00
2/3/2026 10:32 PM,Wagers and Entry Fees and Purchases,Sportsbook wager | ID: 709B9225-9082-9F2F-480F-8C672A0248DA,Sportsbook,-$10.00,$15.52,709B9225-9082-9F2F-480F-8C672A0248DA,FiatTransactionDetails,USD,US-NC,WagersEntryPurC,SportsbookP,-10,15.52,2026-02-04T03:32:07.0000000+00:00
2/3/2026 10:33 PM,Winnings,Sportsbetting win payout | ID: A00A33D9-89DB-D3B3-D973-2B99F814A8AE,Sportsbook,+$10.00,$25.52,A00A33D9-89DB-D3B3-D973-2B99F814A8AE,FiatTransactionDetails,USD,US-NC,WinningsC,SportsbookP,10,25.52,2026-02-04T03:33:31.0000000+00:00
2/4/2026 8:04 PM,Wagers and Entry Fees and Purchases,Sportsbook wager | ID: B3F98158-1283-2813-3C4C-D1C061696795,Sportsbook,-$20.00,$5.52,B3F98158-1283-2813-3C4C-D1C061696795,FiatTransactionDetails,USD,US-NC,WagersEntryPurC,SportsbookP,-20,5.52,2026-02-05T01:04:51.0000000+00:00
2/4/2026 8:06 PM,Winnings,Sportsbetting win payout | ID: 5351B611-7333-7A84-57EF-E2DB852481D7,Sportsbook,+$20.00,$25.52,5351B611-7333-7A84-57EF-E2DB852481D7,FiatTransactionDetails,USD,US-NC,WinningsC,SportsbookP,20,25.52,2026-02-05T01:06:53.0000000+00:00
2/4/2026 8:39 PM,Wagers and Entry Fees and Purchases,Sportsbook wager | ID: 759E0E78-B177-1C85-CFE6-0982E601E9F5,Sportsbook,-$10.00,$15.52,759E0E78-B177-1C85-CFE6-0982E601E9F5,FiatTransactionDetails,USD,US-NC,WagersEntryPurC,SportsbookP,-10,15.52,2026-02-05T01:39:56.0000000+00:00
2/4/2026 11:17 PM,Wagers and Entry Fees and Purchases,Sportsbook wager | ID: 0D4C3435-F814-909C-DA85-DEDDD301F643,Sportsbook,-$5.00,$10.52,0D4C3435-F814-909C-DA85-DEDDD301F643,FiatTransactionDetails,USD,US-NC,WagersEntryPurC,SportsbookP,-5,10.52,2026-02-05T04:17:35.0000000+00:00
2/4/2026 11:22 PM,Wagers and Entry Fees and Purchases,Sportsbook wager | ID: B06A91CC-1B67-FD61-7A98-FD21B7BE5016,Sportsbook,-$5.00,$5.52,B06A91CC-1B67-FD61-7A98-FD21B7BE5016,FiatTransactionDetails,USD,US-NC,WagersEntryPurC,SportsbookP,-5,5.52,2026-02-05T04:22:11.0000000+00:00
2/4/2026 11:25 PM,Wagers and Entry Fees and Purchases,Sportsbook wager | ID: 2F4A6106-93DB-CB3E-5D7D-0D63575B2ED9,Sportsbook,-$5.00,$0.52,2F4A6106-93DB-CB3E-5D7D-0D63575B2ED9,FiatTransactionDetails,USD,US-NC,WagersEntryPurC,SportsbookP,-5,0.52,2026-02-05T04:25:13.0000000+00:00
2/7/2026 9:17 AM,Deposits,Gaming Deposit - Mastercard XX4079 | ID: 77ACE72D-53DF-8EBB-4B32-20E3D57065F3,Financial,+$50.00,$50.52,77ACE72D-53DF-8EBB-4B32-20E3D57065F3,FiatTransactionDetails,USD,US-NC,DepositsC,FinancialP,50,50.52,2026-02-07T14:17:37.0000000+00:00
2/7/2026 9:26 AM,Wagers and Entry Fees and Purchases,Sportsbook wager | ID: 16AAFAB6-7231-66F0-27FC-43B66E6DEF3B,Sportsbook,-$5.00,$35.52,16AAFAB6-7231-66F0-27FC-43B66E6DEF3B,FiatTransactionDetails,USD,US-NC,WagersEntryPurC,SportsbookP,-5,35.52,2026-02-07T14:26:51.0000000+00:00
2/7/2026 9:26 AM,Wagers and Entry Fees and Purchases,Sportsbook wager | ID: 94910578-819D-88AE-99DF-17282FDADE21,Sportsbook,-$5.00,$40.52,94910578-819D-88AE-99DF-17282FDADE21,FiatTransactionDetails,USD,US-NC,WagersEntryPurC,SportsbookP,-5,40.52,2026-02-07T14:26:51.0000000+00:00
2/7/2026 9:26 AM,Wagers and Entry Fees and Purchases,Sportsbook wager | ID: 20388BC9-2DB4-7609-0D98-A655E39FC149,Sportsbook,-$5.00,$45.52,20388BC9-2DB4-7609-0D98-A655E39FC149,FiatTransactionDetails,USD,US-NC,WagersEntryPurC,SportsbookP,-5,45.52,2026-02-07T14:26:51.0000000+00:00
2/7/2026 9:27 AM,Wagers and Entry Fees and Purchases,Sportsbook wager | ID: 373CD040-D41A-1408-068E-15F6C91F46D2,Sportsbook,-$10.00,$25.52,373CD040-D41A-1408-068E-15F6C91F46D2,FiatTransactionDetails,USD,US-NC,WagersEntryPurC,SportsbookP,-10,25.52,2026-02-07T14:27:43.0000000+00:00
2/7/2026 9:29 AM,Wagers and Entry Fees and Purchases,Sportsbook wager | ID: AE1AC18C-DF27-DD5D-1723-AFF4085AA196,Sportsbook,-$5.00,$20.52,AE1AC18C-DF27-DD5D-1723-AFF4085AA196,FiatTransactionDetails,USD,US-NC,WagersEntryPurC,SportsbookP,-5,20.52,2026-02-07T14:29:27.0000000+00:00
2/7/2026 1:04 PM,Wagers and Entry Fees and Purchases,Sportsbook wager | ID: 4A787A2E-AB8F-6A17-A7C7-6714548DF677,Sportsbook,-$8.00,$12.52,4A787A2E-AB8F-6A17-A7C7-6714548DF677,FiatTransactionDetails,USD,US-NC,WagersEntryPurC,SportsbookP,-8,12.52,2026-02-07T18:04:46.0000000+00:00
2/7/2026 1:05 PM,Wagers and Entry Fees and Purchases,Sportsbook wager | ID: 4F5B0C3E-917D-CF35-242B-B558B3B70A86,Sportsbook,-$4.00,$8.52,4F5B0C3E-917D-CF35-242B-B558B3B70A86,FiatTransactionDetails,USD,US-NC,WagersEntryPurC,SportsbookP,-4,8.52,2026-02-07T18:05:21.0000000+00:00
2/7/2026 1:06 PM,Wagers and Entry Fees and Purchases,Sportsbook wager | ID: 64370D39-EF9B-9814-F7A1-CFAC253D164C,Sportsbook,-$4.00,$4.52,64370D39-EF9B-9814-F7A1-CFAC253D164C,FiatTransactionDetails,USD,US-NC,WagersEntryPurC,SportsbookP,-4,4.52,2026-02-07T18:06:09.0000000+00:00
2/7/2026 1:56 PM,Winnings,Sportsbetting win payout | ID: 18FDBF2B-88DC-F74C-C3FF-997EA6713EE5,Sportsbook,+$9.34,$13.86,18FDBF2B-88DC-F74C-C3FF-997EA6713EE5,FiatTransactionDetails,USD,US-NC,WinningsC,SportsbookP,9.34,13.86,2026-02-07T18:56:53.0000000+00:00
2/7/2026 1:58 PM,Winnings,Sportsbetting win payout | ID: 4DD9B865-38DE-B63C-BAFA-0312A50F9E5D,Sportsbook,+$14.66,$28.52,4DD9B865-38DE-B63C-BAFA-0312A50F9E5D,FiatTransactionDetails,USD,US-NC,WinningsC,SportsbookP,14.66,28.52,2026-02-07T18:58:23.0000000+00:00
2/7/2026 2:15 PM,Wagers and Entry Fees and Purchases,Sportsbook wager | ID: 51459C91-9319-BCAD-F895-EA0C265212E1,Sportsbook,-$12.00,$16.52,51459C91-9319-BCAD-F895-EA0C265212E1,FiatTransactionDetails,USD,US-NC,WagersEntryPurC,SportsbookP,-12,16.52,2026-02-07T19:15:41.0000000+00:00
2/7/2026 2:16 PM,Wagers and Entry Fees and Purchases,Sportsbook wager | ID: AA21FDB6-FC27-65A3-A088-DCDB69B8CB4E,Sportsbook,-$8.00,$8.52,AA21FDB6-FC27-65A3-A088-DCDB69B8CB4E,FiatTransactionDetails,USD,US-NC,WagersEntryPurC,SportsbookP,-8,8.52,2026-02-07T19:16:10.0000000+00:00
2/7/2026 2:16 PM,Wagers and Entry Fees and Purchases,Sportsbook wager | ID: EF0F86BE-BA37-1509-EFEA-187F215A9E29,Sportsbook,-$5.00,$3.52,EF0F86BE-BA37-1509-EFEA-187F215A9E29,FiatTransactionDetails,USD,US-NC,WagersEntryPurC,SportsbookP,-5,3.52,2026-02-07T19:16:53.0000000+00:00
2/7/2026 2:54 PM,Wagers and Entry Fees and Purchases,Sportsbook wager | ID: 01F0CC18-EDDD-5E96-60A8-1990C2E37FD0,Sportsbook,-$2.00,$1.52,01F0CC18-EDDD-5E96-60A8-1990C2E37FD0,FiatTransactionDetails,USD,US-NC,WagersEntryPurC,SportsbookP,-2,1.52,2026-02-07T19:54:17.0000000+00:00
2/8/2026 12:58 AM,Winnings,Sportsbetting win payout | ID: F281F5A3-FB89-C3D8-A10D-12ED6324C74F,Sportsbook,+$15.61,$17.13,F281F5A3-FB89-C3D8-A10D-12ED6324C74F,FiatTransactionDetails,USD,US-NC,WinningsC,SportsbookP,15.61,17.13,2026-02-08T05:58:23.0000000+00:00
2/8/2026 10:11 AM,Wagers and Entry Fees and Purchases,Sportsbook wager | ID: FE76FA3D-F6BE-163B-EEB2-4FBF3B35EEAD,Sportsbook,-$16.00,$1.13,FE76FA3D-F6BE-163B-EEB2-4FBF3B35EEAD,FiatTransactionDetails,USD,US-NC,WagersEntryPurC,SportsbookP,-16,1.13,2026-02-08T15:11:30.0000000+00:00
2/8/2026 11:13 AM,Deposits,Gaming Deposit - Mastercard XX4079 | ID: 2A86FCA2-1CF1-D062-C40F-DF4042BDB8B8,Financial,+$50.00,$51.13,2A86FCA2-1CF1-D062-C40F-DF4042BDB8B8,FiatTransactionDetails,USD,US-NC,DepositsC,FinancialP,50,51.13,2026-02-08T16:13:40.0000000+00:00
2/8/2026 11:14 AM,Wagers and Entry Fees and Purchases,Sportsbook wager | ID: 0D4F64C9-D8D0-6A85-17DD-9622F64EC479,Sportsbook,-$25.00,$26.13,0D4F64C9-D8D0-6A85-17DD-9622F64EC479,FiatTransactionDetails,USD,US-NC,WagersEntryPurC,SportsbookP,-25,26.13,2026-02-08T16:14:59.0000000+00:00
2/8/2026 11:15 AM,Wagers and Entry Fees and Purchases,Sportsbook wager | ID: 39BDD86D-4F97-C7BB-1F20-55D57817D686,Sportsbook,-$10.00,$16.13,39BDD86D-4F97-C7BB-1F20-55D57817D686,FiatTransactionDetails,USD,US-NC,WagersEntryPurC,SportsbookP,-10,16.13,2026-02-08T16:15:16.0000000+00:00
2/8/2026 11:15 AM,Wagers and Entry Fees and Purchases,Sportsbook wager | ID: 5335BD83-8EB1-D384-3151-B5EF2E6C8DC9,Sportsbook,-$15.00,$1.13,5335BD83-8EB1-D384-3151-B5EF2E6C8DC9,FiatTransactionDetails,USD,US-NC,WagersEntryPurC,SportsbookP,-15,1.13,2026-02-08T16:15:35.0000000+00:00
2/8/2026 3:12 PM,Winnings,Sportsbetting win payout | ID: 96AF1E6F-3CAE-29FA-0041-A5AEF1BD0932,Sportsbook,+$46.73,$47.86,96AF1E6F-3CAE-29FA-0041-A5AEF1BD0932,FiatTransactionDetails,USD,US-NC,WinningsC,SportsbookP,46.73,47.86,2026-02-08T20:12:50.0000000+00:00
2/8/2026 3:57 PM,Winnings,Sportsbetting win payout | ID: 345ABDF8-5EC7-93CF-1977-30951CB0AE4B,Sportsbook,+$53.08,$100.94,345ABDF8-5EC7-93CF-1977-30951CB0AE4B,FiatTransactionDetails,USD,US-NC,WinningsC,SportsbookP,53.08,100.94,2026-02-08T20:57:35.0000000+00:00
2/8/2026 3:57 PM,Winnings,Sportsbetting win payout | ID: 7B510C87-570E-F7D1-3626-4E7796D22361,Sportsbook,+$18.92,$119.86,7B510C87-570E-F7D1-3626-4E7796D22361,FiatTransactionDetails,USD,US-NC,WinningsC,SportsbookP,18.92,119.86,2026-02-08T20:57:36.0000000+00:00
2/8/2026 4:49 PM,Withdrawals,Withdrawal | ID: FD96FDEB-F844-CD1D-A90F-44005270D185,Financial,-$50.00,$69.86,FD96FDEB-F844-CD1D-A90F-44005270D185,FiatTransactionDetails,USD,US-NC,WithdrawalsC,FinancialP,-50,69.86,2026-02-08T21:49:13.0000000+00:00
2/8/2026 4:52 PM,Wagers and Entry Fees and Purchases,Sportsbook wager | ID: BE2E96FB-663B-4E58-2A27-3BF42C3B1FD0,Sportsbook,-$5.00,$64.86,BE2E96FB-663B-4E58-2A27-3BF42C3B1FD0,FiatTransactionDetails,USD,US-NC,WagersEntryPurC,SportsbookP,-5,64.86,2026-02-08T21:52:55.0000000+00:00
2/8/2026 4:58 PM,Wagers and Entry Fees and Purchases,Sportsbook wager | ID: 35657CB5-6971-4F58-1B6A-A895EA4C513B,Sportsbook,-$5.00,$59.86,35657CB5-6971-4F58-1B6A-A895EA4C513B,FiatTransactionDetails,USD,US-NC,WagersEntryPurC,SportsbookP,-5,59.86,2026-02-08T21:58:04.0000000+00:00
2/9/2026 8:32 AM,Wagers and Entry Fees and Purchases,Sportsbook wager | ID: F67C8C81-4020-EC71-5C31-57AD539AACF7,Sportsbook,-$8.00,$51.86,F67C8C81-4020-EC71-5C31-57AD539AACF7,FiatTransactionDetails,USD,US-NC,WagersEntryPurC,SportsbookP,-8,51.86,2026-02-09T13:32:47.0000000+00:00
2/9/2026 8:32 AM,Wagers and Entry Fees and Purchases,Sportsbook wager | ID: E8BD05BC-17CB-74AE-996D-29A8FFFBA5D4,Sportsbook,-$8.00,$43.86,E8BD05BC-17CB-74AE-996D-29A8FFFBA5D4,FiatTransactionDetails,USD,US-NC,WagersEntryPurC,SportsbookP,-8,43.86,2026-02-09T13:32:57.0000000+00:00
2/9/2026 8:33 AM,Wagers and Entry Fees and Purchases,Sportsbook wager | ID: 5E1FD34D-1639-9518-B3A7-98616A7E52FB,Sportsbook,-$12.00,$31.86,5E1FD34D-1639-9518-B3A7-98616A7E52FB,FiatTransactionDetails,USD,US-NC,WagersEntryPurC,SportsbookP,-12,31.86,2026-02-09T13:33:10.0000000+00:00
2/10/2026 12:48 PM,Promotions and Rewards,AwardUserBonusOffer | ID: FE62478A-F9A1-C17F-BEE8-05D99AE5200F,Financial,+$1.03,$32.89,FE62478A-F9A1-C17F-BEE8-05D99AE5200F,FiatTransactionDetails,USD,,PromosRewardsC,FinancialP,1.03,32.89,2026-02-10T17:48:02.0000000+00:00
2/10/2026 7:16 PM,Wagers and Entry Fees and Purchases,Sportsbook wager | ID: 286EFDA4-38BC-156C-9CFD-9C06E083BF34,Sportsbook,-$5.00,$27.89,286EFDA4-38BC-156C-9CFD-9C06E083BF34,FiatTransactionDetails,USD,US-NC,WagersEntryPurC,SportsbookP,-5,27.89,2026-02-11T00:16:33.0000000+00:00
2/10/2026 7:16 PM,Wagers and Entry Fees and Purchases,Sportsbook wager | ID: 5F4978A1-3AB8-D811-1502-9CA89C4EB8C6,Sportsbook,-$8.00,$19.89,5F4978A1-3AB8-D811-1502-9CA89C4EB8C6,FiatTransactionDetails,USD,US-NC,WagersEntryPurC,SportsbookP,-8,19.89,2026-02-11T00:16:47.0000000+00:00
2/10/2026 7:16 PM,Wagers and Entry Fees and Purchases,Sportsbook wager | ID: AC6CF96C-E6B0-B953-FBE8-838A03D6D2D3,Sportsbook,-$8.00,$11.89,AC6CF96C-E6B0-B953-FBE8-838A03D6D2D3,FiatTransactionDetails,USD,US-NC,WagersEntryPurC,SportsbookP,-8,11.89,2026-02-11T00:16:57.0000000+00:00
2/11/2026 5:33 PM,Wagers and Entry Fees and Purchases,Sportsbook wager | ID: 517E0115-3228-2212-A0CF-3EDC6735FD4E,Sportsbook,-$10.00,$1.89,517E0115-3228-2212-A0CF-3EDC6735FD4E,FiatTransactionDetails,USD,US-NC,WagersEntryPurC,SportsbookP,-10,1.89,2026-02-11T22:33:49.0000000+00:00
2/13/2026 11:49 AM,Deposits,Gaming Deposit - Mastercard XX4079 | ID: 64D17E59-D98C-B547-372F-8B39D3AF0AC1,Financial,+$50.00,$51.89,64D17E59-D98C-B547-372F-8B39D3AF0AC1,FiatTransactionDetails,USD,US-NC,DepositsC,FinancialP,50,51.89,2026-02-13T16:49:38.0000000+00:00
2/13/2026 11:51 AM,Wagers and Entry Fees and Purchases,Sportsbook wager | ID: C07E01A0-9083-F363-070D-EC7F90C0DB50,Sportsbook,-$3.75,$48.14,C07E01A0-9083-F363-070D-EC7F90C0DB50,FiatTransactionDetails,USD,US-NC,WagersEntryPurC,SportsbookP,-3.75,48.14,2026-02-13T16:51:18.0000000+00:00
2/13/2026 11:51 AM,Wagers and Entry Fees and Purchases,Sportsbook wager | ID: 8309A1F8-DCB3-17D9-C987-ED3DED054789,Sportsbook,-$3.75,$44.39,8309A1F8-DCB3-17D9-C987-ED3DED054789,FiatTransactionDetails,USD,US-NC,WagersEntryPurC,SportsbookP,-3.75,44.39,2026-02-13T16:51:56.0000000+00:00
2/13/2026 11:52 AM,Wagers and Entry Fees and Purchases,Sportsbook wager | ID: 89DC1D9F-5D97-6112-C244-86B02E426E54,Sportsbook,-$2.00,$42.39,89DC1D9F-5D97-6112-C244-86B02E426E54,FiatTransactionDetails,USD,US-NC,WagersEntryPurC,SportsbookP,-2,42.39,2026-02-13T16:52:24.0000000+00:00
2/13/2026 11:52 AM,Wagers and Entry Fees and Purchases,Sportsbook wager | ID: 906535C9-48DF-1940-E3F2-A53F34C796C9,Sportsbook,-$2.00,$40.39,906535C9-48DF-1940-E3F2-A53F34C796C9,FiatTransactionDetails,USD,US-NC,WagersEntryPurC,SportsbookP,-2,40.39,2026-02-13T16:52:42.0000000+00:00
2/13/2026 11:53 AM,Wagers and Entry Fees and Purchases,Sportsbook wager | ID: 754B2A3C-C2C2-7D8F-C6CC-32DDE6637C6B,Sportsbook,-$4.00,$36.39,754B2A3C-C2C2-7D8F-C6CC-32DDE6637C6B,FiatTransactionDetails,USD,US-NC,WagersEntryPurC,SportsbookP,-4,36.39,2026-02-13T16:53:00.0000000+00:00
2/13/2026 11:53 AM,Wagers and Entry Fees and Purchases,Sportsbook wager | ID: 1145B4DC-2ACF-F76C-A0E8-B2D43D79AB56,Sportsbook,-$3.75,$32.64,1145B4DC-2ACF-F76C-A0E8-B2D43D79AB56,FiatTransactionDetails,USD,US-NC,WagersEntryPurC,SportsbookP,-3.75,32.64,2026-02-13T16:53:25.0000000+00:00
2/13/2026 11:53 AM,Wagers and Entry Fees and Purchases,Sportsbook wager | ID: 8FE48B1D-79A7-2C9F-4187-36050BE68127,Sportsbook,-$3.75,$28.89,8FE48B1D-79A7-2C9F-4187-36050BE68127,FiatTransactionDetails,USD,US-NC,WagersEntryPurC,SportsbookP,-3.75,28.89,2026-02-13T16:53:48.0000000+00:00
2/13/2026 11:54 AM,Wagers and Entry Fees and Purchases,Sportsbook wager | ID: CEBA5059-385A-674B-EB5D-89BF0DE7DE28,Sportsbook,-$3.75,$25.14,CEBA5059-385A-674B-EB5D-89BF0DE7DE28,FiatTransactionDetails,USD,US-NC,WagersEntryPurC,SportsbookP,-3.75,25.14,2026-02-13T16:54:06.0000000+00:00
2/13/2026 11:54 AM,Wagers and Entry Fees and Purchases,Sportsbook wager | ID: 9EDD568F-0A0E-A6C3-16B9-8D0D01498FA3,Sportsbook,-$3.75,$21.39,9EDD568F-0A0E-A6C3-16B9-8D0D01498FA3,FiatTransactionDetails,USD,US-NC,WagersEntryPurC,SportsbookP,-3.75,21.39,2026-02-13T16:54:18.0000000+00:00
2/13/2026 11:54 AM,Wagers and Entry Fees and Purchases,Sportsbook wager | ID: 0675210A-0B2B-8C69-2A18-B2A417016D48,Sportsbook,-$4.00,$17.39,0675210A-0B2B-8C69-2A18-B2A417016D48,FiatTransactionDetails,USD,US-NC,WagersEntryPurC,SportsbookP,-4,17.39,2026-02-13T16:54:29.0000000+00:00
2/13/2026 11:54 AM,Wagers and Entry Fees and Purchases,Sportsbook wager | ID: C9D438E5-A5A2-B712-7B85-7488A871C1B4,Sportsbook,-$2.00,$15.39,C9D438E5-A5A2-B712-7B85-7488A871C1B4,FiatTransactionDetails,USD,US-NC,WagersEntryPurC,SportsbookP,-2,15.39,2026-02-13T16:54:42.0000000+00:00
2/13/2026 11:54 AM,Wagers and Entry Fees and Purchases,Sportsbook wager | ID: 9CE473DF-9614-41EB-C673-A6354DCB7EFA,Sportsbook,-$3.75,$11.64,9CE473DF-9614-41EB-C673-A6354DCB7EFA,FiatTransactionDetails,USD,US-NC,WagersEntryPurC,SportsbookP,-3.75,11.64,2026-02-13T16:54:57.0000000+00:00
2/13/2026 11:55 AM,Wagers and Entry Fees and Purchases,Sportsbook wager | ID: 1D2DA344-72E0-F39D-9579-69BF2B73E56A,Sportsbook,-$3.75,$7.89,1D2DA344-72E0-F39D-9579-69BF2B73E56A,FiatTransactionDetails,USD,US-NC,WagersEntryPurC,SportsbookP,-3.75,7.89,2026-02-13T16:55:25.0000000+00:00
2/13/2026 8:56 PM,Winnings,Sportsbetting win payout | ID: EDFC3A7E-BC75-1FF3-C3E5-02D9013C95EA,Sportsbook,+$3.90,$11.79,EDFC3A7E-BC75-1FF3-C3E5-02D9013C95EA,FiatTransactionDetails,USD,US-NC,WinningsC,SportsbookP,3.9,11.79,2026-02-14T01:56:04.0000000+00:00
2/13/2026 8:57 PM,Winnings,Sportsbetting win payout | ID: A1B9936B-F013-A0F7-71CE-B41A6BF90FFC,Sportsbook,+$7.22,$19.01,A1B9936B-F013-A0F7-71CE-B41A6BF90FFC,FiatTransactionDetails,USD,US-NC,WinningsC,SportsbookP,7.22,19.01,2026-02-14T01:57:40.0000000+00:00
2/13/2026 11:18 PM,Winnings,Sportsbetting win payout | ID: 1EBE9A88-7849-DB84-E2F1-DC37316317ED,Sportsbook,+$6.92,$25.93,1EBE9A88-7849-DB84-E2F1-DC37316317ED,FiatTransactionDetails,USD,US-NC,WinningsC,SportsbookP,6.92,25.93,2026-02-14T04:18:15.0000000+00:00
2/14/2026 1:57 PM,Winnings,Sportsbetting win payout | ID: 954DA63E-B8A6-743D-FE60-2BB2D930B04D,Sportsbook,+$7.15,$33.08,954DA63E-B8A6-743D-FE60-2BB2D930B04D,FiatTransactionDetails,USD,US-NC,WinningsC,SportsbookP,7.15,33.08,2026-02-14T18:57:51.0000000+00:00
2/14/2026 2:53 PM,Winnings,Sportsbetting win payout | ID: 8D75CEC6-5337-21CD-D9A6-E61C9712D8D3,Sportsbook,+$7.63,$40.71,8D75CEC6-5337-21CD-D9A6-E61C9712D8D3,FiatTransactionDetails,USD,US-NC,WinningsC,SportsbookP,7.63,40.71,2026-02-14T19:53:49.0000000+00:00
2/14/2026 3:03 PM,Winnings,Sportsbetting win payout | ID: FCEB1D1B-ECCE-CEF8-C58C-F9E350DFEC2E,Sportsbook,+$3.81,$44.52,FCEB1D1B-ECCE-CEF8-C58C-F9E350DFEC2E,FiatTransactionDetails,USD,US-NC,WinningsC,SportsbookP,3.81,44.52,2026-02-14T20:03:39.0000000+00:00
2/16/2026 4:46 PM,Wagers and Entry Fees and Purchases,Sportsbook wager | ID: 8541CC92-1A9B-0307-7F90-56B0B6644AAA,Sportsbook,-$3.00,$41.52,8541CC92-1A9B-0307-7F90-56B0B6644AAA,FiatTransactionDetails,USD,US-NC,WagersEntryPurC,SportsbookP,-3,41.52,2026-02-16T21:46:52.0000000+00:00
2/16/2026 4:47 PM,Wagers and Entry Fees and Purchases,Sportsbook wager | ID: BB474AA2-62D4-9BCF-C110-437368BBB598,Sportsbook,-$3.00,$38.52,BB474AA2-62D4-9BCF-C110-437368BBB598,FiatTransactionDetails,USD,US-NC,WagersEntryPurC,SportsbookP,-3,38.52,2026-02-16T21:47:04.0000000+00:00
2/16/2026 4:47 PM,Wagers and Entry Fees and Purchases,Sportsbook wager | ID: D1046978-4365-7EE4-5D83-C7A78D7D62D8,Sportsbook,-$3.00,$35.52,D1046978-4365-7EE4-5D83-C7A78D7D62D8,FiatTransactionDetails,USD,US-NC,WagersEntryPurC,SportsbookP,-3,35.52,2026-02-16T21:47:15.0000000+00:00
2/16/2026 4:48 PM,Wagers and Entry Fees and Purchases,Sportsbook wager | ID: EAA82475-4F37-6A07-7BDC-DF1A5DC599FC,Sportsbook,-$3.00,$32.52,EAA82475-4F37-6A07-7BDC-DF1A5DC599FC,FiatTransactionDetails,USD,US-NC,WagersEntryPurC,SportsbookP,-3,32.52,2026-02-16T21:48:18.0000000+00:00
2/16/2026 4:48 PM,Wagers and Entry Fees and Purchases,Sportsbook wager | ID: 15B5C792-EC51-2114-A263-3F70178BD62B,Sportsbook,-$3.00,$29.52,15B5C792-EC51-2114-A263-3F70178BD62B,FiatTransactionDetails,USD,US-NC,WagersEntryPurC,SportsbookP,-3,29.52,2026-02-16T21:48:33.0000000+00:00
2/16/2026 7:08 PM,Winnings,Sportsbetting win payout | ID: E19AAA56-9666-193A-1E14-1AD9B71D7CE9,Sportsbook,+$5.60,$35.12,E19AAA56-9666-193A-1E14-1AD9B71D7CE9,FiatTransactionDetails,USD,US-NC,WinningsC,SportsbookP,5.6,35.12,2026-02-17T00:08:22.0000000+00:00
2/16/2026 8:54 PM,Winnings,Sportsbetting win payout | ID: 108FDECC-08ED-E075-BC11-574B5B9F284C,Sportsbook,+$5.94,$41.06,108FDECC-08ED-E075-BC11-574B5B9F284C,FiatTransactionDetails,USD,US-NC,WinningsC,SportsbookP,5.94,41.06,2026-02-17T01:54:36.0000000+00:00
2/16/2026 8:55 PM,Winnings,Sportsbetting win payout | ID: B32A3D0A-B029-1C72-46B1-B51B5955F95D,Sportsbook,+$5.77,$46.83,B32A3D0A-B029-1C72-46B1-B51B5955F95D,FiatTransactionDetails,USD,US-NC,WinningsC,SportsbookP,5.77,46.83,2026-02-17T01:55:10.0000000+00:00
2/16/2026 10:34 PM,Winnings,Sportsbetting win payout | ID: 9D0EC728-4E30-ED2D-7EDB-7D51B5827CF2,Sportsbook,+$5.67,$52.50,9D0EC728-4E30-ED2D-7EDB-7D51B5827CF2,FiatTransactionDetails,USD,US-NC,WinningsC,SportsbookP,5.67,52.5,2026-02-17T03:34:08.0000000+00:00
2/17/2026 6:15 PM,Wagers and Entry Fees and Purchases,Sportsbook wager | ID: 95FD3C09-C688-D7CF-EA89-174C5CE10C46,Sportsbook,-$4.00,$48.50,95FD3C09-C688-D7CF-EA89-174C5CE10C46,FiatTransactionDetails,USD,US-NC,WagersEntryPurC,SportsbookP,-4,48.5,2026-02-17T23:15:08.0000000+00:00
2/17/2026 6:15 PM,Wagers and Entry Fees and Purchases,Sportsbook wager | ID: FC9EC287-12EA-B664-6A34-FD0D487824B4,Sportsbook,-$3.00,$45.50,FC9EC287-12EA-B664-6A34-FD0D487824B4,FiatTransactionDetails,USD,US-NC,WagersEntryPurC,SportsbookP,-3,45.5,2026-02-17T23:15:24.0000000+00:00
2/17/2026 6:15 PM,Wagers and Entry Fees and Purchases,Sportsbook wager | ID: E14571A4-9718-B265-78C7-22CE66E9A51A,Sportsbook,-$4.00,$41.50,E14571A4-9718-B265-78C7-22CE66E9A51A,FiatTransactionDetails,USD,US-NC,WagersEntryPurC,SportsbookP,-4,41.5,2026-02-17T23:15:35.0000000+00:00
2/17/2026 6:15 PM,Wagers and Entry Fees and Purchases,Sportsbook wager | ID: 44A66E1A-9331-A148-D953-35BDFCE1EB73,Sportsbook,-$3.00,$38.50,44A66E1A-9331-A148-D953-35BDFCE1EB73,FiatTransactionDetails,USD,US-NC,WagersEntryPurC,SportsbookP,-3,38.5,2026-02-17T23:15:55.0000000+00:00
2/17/2026 6:16 PM,Wagers and Entry Fees and Purchases,Sportsbook wager | ID: 780170B8-0955-D808-ED38-F521EE631BB4,Sportsbook,-$3.00,$35.50,780170B8-0955-D808-ED38-F521EE631BB4,FiatTransactionDetails,USD,US-NC,WagersEntryPurC,SportsbookP,-3,35.5,2026-02-17T23:16:04.0000000+00:00
2/17/2026 6:16 PM,Wagers and Entry Fees and Purchases,Sportsbook wager | ID: D284B195-EF66-2878-CB96-41D68C79C882,Sportsbook,-$4.00,$31.50,D284B195-EF66-2878-CB96-41D68C79C882,FiatTransactionDetails,USD,US-NC,WagersEntryPurC,SportsbookP,-4,31.5,2026-02-17T23:16:14.0000000+00:00
2/17/2026 6:16 PM,Wagers and Entry Fees and Purchases,Sportsbook wager | ID: 1742FB6B-A1FA-9FF0-682F-A797E336BDFE,Sportsbook,-$4.00,$27.50,1742FB6B-A1FA-9FF0-682F-A797E336BDFE,FiatTransactionDetails,USD,US-NC,WagersEntryPurC,SportsbookP,-4,27.5,2026-02-17T23:16:36.0000000+00:00
2/17/2026 6:18 PM,Wagers and Entry Fees and Purchases,Sportsbook wager | ID: D8A18E3D-0CA8-7A22-A30A-4959CA55DB2D,Sportsbook,-$4.00,$23.50,D8A18E3D-0CA8-7A22-A30A-4959CA55DB2D,FiatTransactionDetails,USD,US-NC,WagersEntryPurC,SportsbookP,-4,23.5,2026-02-17T23:18:11.0000000+00:00
2/17/2026 8:23 PM,Winnings,Sportsbetting win payout | ID: 1EA146A8-B0A4-D998-7C7A-C23F5095DE7A,Sportsbook,+$7.70,$31.20,1EA146A8-B0A4-D998-7C7A-C23F5095DE7A,FiatTransactionDetails,USD,US-NC,WinningsC,SportsbookP,7.7,31.2,2026-02-18T01:23:59.0000000+00:00
2/17/2026 8:55 PM,Winnings,Sportsbetting win payout | ID: 350703B6-183C-6BAB-73C8-1CB833E98315,Sportsbook,+$5.67,$36.87,350703B6-183C-6BAB-73C8-1CB833E98315,FiatTransactionDetails,USD,US-NC,WinningsC,SportsbookP,5.67,36.87,2026-02-18T01:55:25.0000000+00:00
2/17/2026 10:13 PM,Winnings,Sportsbetting win payout | ID: 746258AF-8C55-772E-343D-02781E35EF0B,Sportsbook,+$5.72,$42.59,746258AF-8C55-772E-343D-02781E35EF0B,FiatTransactionDetails,USD,US-NC,WinningsC,SportsbookP,5.72,42.59,2026-02-18T03:13:26.0000000+00:00
2/17/2026 10:33 PM,Winnings,Sportsbetting win payout | ID: F6E3D4AE-0E61-7DB0-B500-C2E4FF4D7BB5,Sportsbook,+$7.70,$50.29,F6E3D4AE-0E61-7DB0-B500-C2E4FF4D7BB5,FiatTransactionDetails,USD,US-NC,WinningsC,SportsbookP,7.7,50.29,2026-02-18T03:33:04.0000000+00:00
2/17/2026 11:04 PM,Winnings,Sportsbetting win payout | ID: 80E98E5E-7E23-8C11-C080-30C7B7A2C72D,Sportsbook,+$7.47,$57.76,80E98E5E-7E23-8C11-C080-30C7B7A2C72D,FiatTransactionDetails,USD,US-NC,WinningsC,SportsbookP,7.47,57.76,2026-02-18T04:04:38.0000000+00:00
2/17/2026 11:15 PM,Winnings,Sportsbetting win payout | ID: 002D224F-373F-FE3D-E4CF-0384602C821B,Sportsbook,+$7.70,$65.46,002D224F-373F-FE3D-E4CF-0384602C821B,FiatTransactionDetails,USD,US-NC,WinningsC,SportsbookP,7.7,65.46,2026-02-18T04:15:53.0000000+00:00
2/18/2026 9:11 AM,Wagers and Entry Fees and Purchases,Sportsbook wager | ID: AF6485B2-5DB6-09DF-ECA0-0F14B60EABD8,Sportsbook,-$3.00,$62.46,AF6485B2-5DB6-09DF-ECA0-0F14B60EABD8,FiatTransactionDetails,USD,US-NC,WagersEntryPurC,SportsbookP,-3,62.46,2026-02-18T14:11:48.0000000+00:00
2/18/2026 9:12 AM,Wagers and Entry Fees and Purchases,Sportsbook wager | ID: 572E3284-1E77-7D47-42DD-D50F43EF7385,Sportsbook,-$3.00,$59.46,572E3284-1E77-7D47-42DD-D50F43EF7385,FiatTransactionDetails,USD,US-NC,WagersEntryPurC,SportsbookP,-3,59.46,2026-02-18T14:12:17.0000000+00:00
2/18/2026 9:12 AM,Wagers and Entry Fees and Purchases,Sportsbook wager | ID: 614EB271-9876-0D2E-FAAC-9942F0B9B6B9,Sportsbook,-$3.00,$56.46,614EB271-9876-0D2E-FAAC-9942F0B9B6B9,FiatTransactionDetails,USD,US-NC,WagersEntryPurC,SportsbookP,-3,56.46,2026-02-18T14:12:38.0000000+00:00
2/18/2026 9:13 AM,Wagers and Entry Fees and Purchases,Sportsbook wager | ID: 01D95D06-6397-CA2F-B981-BD2667075367,Sportsbook,-$3.00,$53.46,01D95D06-6397-CA2F-B981-BD2667075367,FiatTransactionDetails,USD,US-NC,WagersEntryPurC,SportsbookP,-3,53.46,2026-02-18T14:13:00.0000000+00:00
2/18/2026 9:13 AM,Wagers and Entry Fees and Purchases,Sportsbook wager | ID: A5102264-733F-B649-6EAB-06760D9CB206,Sportsbook,-$3.00,$50.46,A5102264-733F-B649-6EAB-06760D9CB206,FiatTransactionDetails,USD,US-NC,WagersEntryPurC,SportsbookP,-3,50.46,2026-02-18T14:13:13.0000000+00:00
2/18/2026 9:13 AM,Wagers and Entry Fees and Purchases,Sportsbook wager | ID: 60B6014C-5850-0CCB-09D6-4F3CD643F98C,Sportsbook,-$3.00,$47.46,60B6014C-5850-0CCB-09D6-4F3CD643F98C,FiatTransactionDetails,USD,US-NC,WagersEntryPurC,SportsbookP,-3,47.46,2026-02-18T14:13:26.0000000+00:00
2/18/2026 9:13 AM,Wagers and Entry Fees and Purchases,Sportsbook wager | ID: 7DDAFC5E-04C4-509F-41D5-D994F0AC158F,Sportsbook,-$3.00,$44.46,7DDAFC5E-04C4-509F-41D5-D994F0AC158F,FiatTransactionDetails,USD,US-NC,WagersEntryPurC,SportsbookP,-3,44.46,2026-02-18T14:13:38.0000000+00:00
2/18/2026 9:14 AM,Wagers and Entry Fees and Purchases,Sportsbook wager | ID: 57386DCD-24BC-53AF-77EB-05AC1CCEF9B0,Sportsbook,-$4.00,$40.46,57386DCD-24BC-53AF-77EB-05AC1CCEF9B0,FiatTransactionDetails,USD,US-NC,WagersEntryPurC,SportsbookP,-4,40.46,2026-02-18T14:14:08.0000000+00:00
2/18/2026 9:14 AM,Wagers and Entry Fees and Purchases,Sportsbook wager | ID: 452C5FAB-89BA-27E8-A439-A1710E8EC67F,Sportsbook,-$4.00,$36.46,452C5FAB-89BA-27E8-A439-A1710E8EC67F,FiatTransactionDetails,USD,US-NC,WagersEntryPurC,SportsbookP,-4,36.46,2026-02-18T14:14:17.0000000+00:00
2/18/2026 9:14 AM,Wagers and Entry Fees and Purchases,Sportsbook wager | ID: 0B48AF1F-1687-531C-D8A8-C02EC565AD48,Sportsbook,-$3.00,$33.46,0B48AF1F-1687-531C-D8A8-C02EC565AD48,FiatTransactionDetails,USD,US-NC,WagersEntryPurC,SportsbookP,-3,33.46,2026-02-18T14:14:30.0000000+00:00
2/18/2026 9:15 AM,Wagers and Entry Fees and Purchases,Sportsbook wager | ID: 2EED2D71-2F3F-4E05-E286-447CBE9E5E57,Sportsbook,-$4.00,$29.46,2EED2D71-2F3F-4E05-E286-447CBE9E5E57,FiatTransactionDetails,USD,US-NC,WagersEntryPurC,SportsbookP,-4,29.46,2026-02-18T14:15:47.0000000+00:00
2/18/2026 9:16 AM,Wagers and Entry Fees and Purchases,Sportsbook wager | ID: 18619F14-8EBD-47AB-274C-C82FED3BC853,Sportsbook,-$3.00,$26.46,18619F14-8EBD-47AB-274C-C82FED3BC853,FiatTransactionDetails,USD,US-NC,WagersEntryPurC,SportsbookP,-3,26.46,2026-02-18T14:16:33.0000000+00:00
2/18/2026 9:16 AM,Wagers and Entry Fees and Purchases,Sportsbook wager | ID: 1532AC5D-C1F4-54C2-FD4B-9723D62175AB,Sportsbook,-$3.00,$23.46,1532AC5D-C1F4-54C2-FD4B-9723D62175AB,FiatTransactionDetails,USD,US-NC,WagersEntryPurC,SportsbookP,-3,23.46,2026-02-18T14:16:43.0000000+00:00
2/18/2026 9:16 AM,Wagers and Entry Fees and Purchases,Sportsbook wager | ID: 00D3D9AD-E78B-BAD7-40A1-27160E6027BF,Sportsbook,-$3.00,$20.46,00D3D9AD-E78B-BAD7-40A1-27160E6027BF,FiatTransactionDetails,USD,US-NC,WagersEntryPurC,SportsbookP,-3,20.46,2026-02-18T14:16:59.0000000+00:00
2/18/2026 9:17 AM,Wagers and Entry Fees and Purchases,Sportsbook wager | ID: C681F3B7-2A24-9E52-2708-9264F731436F,Sportsbook,-$4.00,$16.46,C681F3B7-2A24-9E52-2708-9264F731436F,FiatTransactionDetails,USD,US-NC,WagersEntryPurC,SportsbookP,-4,16.46,2026-02-18T14:17:10.0000000+00:00
2/18/2026 9:18 AM,Wagers and Entry Fees and Purchases,Sportsbook wager | ID: 3EEB2C98-FDCF-7D66-7623-30FC8375DA43,Sportsbook,-$3.00,$13.46,3EEB2C98-FDCF-7D66-7623-30FC8375DA43,FiatTransactionDetails,USD,US-NC,WagersEntryPurC,SportsbookP,-3,13.46,2026-02-18T14:18:27.0000000+00:00
2/18/2026 9:18 AM,Wagers and Entry Fees and Purchases,Sportsbook wager | ID: 8EB6F6FE-4441-2D0A-4475-9B8B042A8137,Sportsbook,-$3.00,$10.46,8EB6F6FE-4441-2D0A-4475-9B8B042A8137,FiatTransactionDetails,USD,US-NC,WagersEntryPurC,SportsbookP,-3,10.46,2026-02-18T14:18:49.0000000+00:00
2/18/2026 4:57 PM,Wagers and Entry Fees and Purchases,Sportsbook wager | ID: 79A68515-60C1-0EEF-A484-C0B0A3F781D1,Sportsbook,-$4.00,$6.46,79A68515-60C1-0EEF-A484-C0B0A3F781D1,FiatTransactionDetails,USD,US-NC,WagersEntryPurC,SportsbookP,-4,6.46,2026-02-18T21:57:21.0000000+00:00
2/18/2026 4:59 PM,Wagers and Entry Fees and Purchases,Sportsbook wager | ID: 1CBD24EE-383D-C483-17E9-F7A10F8FF14E,Sportsbook,-$5.00,$1.46,1CBD24EE-383D-C483-17E9-F7A10F8FF14E,FiatTransactionDetails,USD,US-NC,WagersEntryPurC,SportsbookP,-5,1.46,2026-02-18T21:59:29.0000000+00:00
2/18/2026 8:27 PM,Winnings,Sportsbetting win payout | ID: 336B4301-D692-C5CD-3EC1-F8B6FEFB15D2,Sportsbook,+$5.77,$7.23,336B4301-D692-C5CD-3EC1-F8B6FEFB15D2,FiatTransactionDetails,USD,US-NC,WinningsC,SportsbookP,5.77,7.23,2026-02-19T01:27:28.0000000+00:00
2/18/2026 8:46 PM,Winnings,Sportsbetting win payout | ID: 1614D48A-2804-BDCF-AC8C-55446D695B68,Sportsbook,+$7.38,$14.61,1614D48A-2804-BDCF-AC8C-55446D695B68,FiatTransactionDetails,USD,US-NC,WinningsC,SportsbookP,7.38,14.61,2026-02-19T01:46:47.0000000+00:00
2/18/2026 9:07 PM,Winnings,Sportsbetting win payout | ID: 8EA57AF0-E8E2-01C4-74E5-CFE14678BE72,Sportsbook,+$5.50,$20.11,8EA57AF0-E8E2-01C4-74E5-CFE14678BE72,FiatTransactionDetails,USD,US-NC,WinningsC,SportsbookP,5.5,20.11,2026-02-19T02:07:06.0000000+00:00
2/18/2026 9:07 PM,Winnings,Sportsbetting win payout | ID: 580041A4-A9BB-89DB-1194-E8C138CA1DF4,Sportsbook,+$7.38,$27.49,580041A4-A9BB-89DB-1194-E8C138CA1DF4,FiatTransactionDetails,USD,US-NC,WinningsC,SportsbookP,7.38,27.49,2026-02-19T02:07:32.0000000+00:00
2/18/2026 9:26 PM,Winnings,Sportsbetting win payout | ID: 07FEB36D-5649-DB9D-8F0D-9F6E8E6521F0,Sportsbook,+$5.77,$33.26,07FEB36D-5649-DB9D-8F0D-9F6E8E6521F0,FiatTransactionDetails,USD,US-NC,WinningsC,SportsbookP,5.77,33.26,2026-02-19T02:26:47.0000000+00:00
2/18/2026 9:40 PM,Winnings,Sportsbetting win payout | ID: 14466A4C-A79F-6C60-B4DB-6BD7617A537C,Sportsbook,+$5.77,$39.03,14466A4C-A79F-6C60-B4DB-6BD7617A537C,FiatTransactionDetails,USD,US-NC,WinningsC,SportsbookP,5.77,39.03,2026-02-19T02:40:49.0000000+00:00
2/18/2026 10:55 PM,Winnings,Sportsbetting win payout | ID: 604D000E-D6B4-8D49-7C4F-089BA0EF6224,Sportsbook,+$5.94,$44.97,604D000E-D6B4-8D49-7C4F-089BA0EF6224,FiatTransactionDetails,USD,US-NC,WinningsC,SportsbookP,5.94,44.97,2026-02-19T03:55:23.0000000+00:00
2/18/2026 10:57 PM,Winnings,Sportsbetting win payout | ID: C9C8176A-26C7-A407-D0F3-FB29A10B8962,Sportsbook,+$7.63,$52.60,C9C8176A-26C7-A407-D0F3-FB29A10B8962,FiatTransactionDetails,USD,US-NC,WinningsC,SportsbookP,7.63,52.6,2026-02-19T03:57:24.0000000+00:00
2/18/2026 11:15 PM,Winnings,Sportsbetting win payout | ID: F38DEB95-F2B6-7795-A5AD-8CD1489C86CF,Sportsbook,+$5.67,$58.27,F38DEB95-F2B6-7795-A5AD-8CD1489C86CF,FiatTransactionDetails,USD,US-NC,WinningsC,SportsbookP,5.67,58.27,2026-02-19T04:15:10.0000000+00:00
2/19/2026 6:42 PM,Wagers and Entry Fees and Purchases,Sportsbook wager | ID: B606A1BB-6DBB-3041-C016-99CE21D0F13F,Sportsbook,-$4.00,$54.27,B606A1BB-6DBB-3041-C016-99CE21D0F13F,FiatTransactionDetails,USD,US-NC,WagersEntryPurC,SportsbookP,-4,54.27,2026-02-19T23:42:37.0000000+00:00
2/19/2026 6:43 PM,Wagers and Entry Fees and Purchases,Sportsbook wager | ID: A6704231-F355-C5F4-A90D-8F7277A2A696,Sportsbook,-$4.00,$50.27,A6704231-F355-C5F4-A90D-8F7277A2A696,FiatTransactionDetails,USD,US-NC,WagersEntryPurC,SportsbookP,-4,50.27,2026-02-19T23:43:29.0000000+00:00
2/19/2026 6:43 PM,Wagers and Entry Fees and Purchases,Sportsbook wager | ID: 8A4D005B-1942-DC92-7038-97E1C017E2E9,Sportsbook,-$4.00,$46.27,8A4D005B-1942-DC92-7038-97E1C017E2E9,FiatTransactionDetails,USD,US-NC,WagersEntryPurC,SportsbookP,-4,46.27,2026-02-19T23:43:44.0000000+00:00
2/19/2026 6:43 PM,Wagers and Entry Fees and Purchases,Sportsbook wager | ID: 14CDDCDC-DCD1-1E3C-E8D5-468E1A91763C,Sportsbook,-$4.00,$42.27,14CDDCDC-DCD1-1E3C-E8D5-468E1A91763C,FiatTransactionDetails,USD,US-NC,WagersEntryPurC,SportsbookP,-4,42.27,2026-02-19T23:43:56.0000000+00:00
2/19/2026 6:44 PM,Wagers and Entry Fees and Purchases,Sportsbook wager | ID: 07F5AC4F-186B-B259-E82C-4EF18DBDF035,Sportsbook,-$5.00,$37.27,07F5AC4F-186B-B259-E82C-4EF18DBDF035,FiatTransactionDetails,USD,US-NC,WagersEntryPurC,SportsbookP,-5,37.27,2026-02-19T23:44:37.0000000+00:00
2/19/2026 6:45 PM,Wagers and Entry Fees and Purchases,Sportsbook wager | ID: D933B94E-F5FF-CEDF-C9E8-B550C9A43B57,Sportsbook,-$5.00,$32.27,D933B94E-F5FF-CEDF-C9E8-B550C9A43B57,FiatTransactionDetails,USD,US-NC,WagersEntryPurC,SportsbookP,-5,32.27,2026-02-19T23:45:01.0000000+00:00
2/19/2026 6:45 PM,Wagers and Entry Fees and Purchases,Sportsbook wager | ID: 25BBD134-C6CA-7C45-5B8D-06B18870DC81,Sportsbook,-$4.00,$28.27,25BBD134-C6CA-7C45-5B8D-06B18870DC81,FiatTransactionDetails,USD,US-NC,WagersEntryPurC,SportsbookP,-4,28.27,2026-02-19T23:45:18.0000000+00:00
2/19/2026 6:45 PM,Wagers and Entry Fees and Purchases,Sportsbook wager | ID: FDDD19B0-4D1D-0F6A-4D05-884B1FDC9F18,Sportsbook,-$4.00,$24.27,FDDD19B0-4D1D-0F6A-4D05-884B1FDC9F18,FiatTransactionDetails,USD,US-NC,WagersEntryPurC,SportsbookP,-4,24.27,2026-02-19T23:45:32.0000000+00:00
2/19/2026 6:45 PM,Wagers and Entry Fees and Purchases,Sportsbook wager | ID: 8781A621-9C33-19ED-1133-BE1372395A36,Sportsbook,-$4.00,$20.27,8781A621-9C33-19ED-1133-BE1372395A36,FiatTransactionDetails,USD,US-NC,WagersEntryPurC,SportsbookP,-4,20.27,2026-02-19T23:45:46.0000000+00:00
2/19/2026 6:46 PM,Wagers and Entry Fees and Purchases,Sportsbook wager | ID: 3DD46C88-AE79-61AE-3FEC-4E75D5C669D9,Sportsbook,-$4.00,$16.27,3DD46C88-AE79-61AE-3FEC-4E75D5C669D9,FiatTransactionDetails,USD,US-NC,WagersEntryPurC,SportsbookP,-4,16.27,2026-02-19T23:46:00.0000000+00:00
2/19/2026 6:46 PM,Wagers and Entry Fees and Purchases,Sportsbook wager | ID: 11A7FAAF-F219-2027-A804-ECD5C581B6CC,Sportsbook,-$3.00,$13.27,11A7FAAF-F219-2027-A804-ECD5C581B6CC,FiatTransactionDetails,USD,US-NC,WagersEntryPurC,SportsbookP,-3,13.27,2026-02-19T23:46:12.0000000+00:00
2/19/2026 8:56 PM,Winnings,Sportsbetting win payout | ID: 51047AED-3D89-E9AC-1714-142AD657A325,Sportsbook,+$7.38,$20.65,51047AED-3D89-E9AC-1714-142AD657A325,FiatTransactionDetails,USD,US-NC,WinningsC,SportsbookP,7.38,20.65,2026-02-20T01:56:18.0000000+00:00
2/19/2026 9:56 PM,Winnings,Sportsbetting win payout | ID: 3034C8FF-4B5B-9B8C-9BF7-3A5E40F9CF44,Sportsbook,+$9.00,$29.65,3034C8FF-4B5B-9B8C-9BF7-3A5E40F9CF44,FiatTransactionDetails,USD,US-NC,WinningsC,SportsbookP,9,29.65,2026-02-20T02:56:32.0000000+00:00
2/19/2026 10:44 PM,Winnings,Sportsbetting win payout | ID: 99E13EE4-6CE3-881A-3898-8657571DFD4A,Sportsbook,+$9.54,$39.19,99E13EE4-6CE3-881A-3898-8657571DFD4A,FiatTransactionDetails,USD,US-NC,WinningsC,SportsbookP,9.54,39.19,2026-02-20T03:44:56.0000000+00:00
2/19/2026 10:44 PM,Winnings,Sportsbetting win payout | ID: EA1CA4B7-2AB2-7C63-C25C-01B335EF13EF,Sportsbook,+$7.70,$46.89,EA1CA4B7-2AB2-7C63-C25C-01B335EF13EF,FiatTransactionDetails,USD,US-NC,WinningsC,SportsbookP,7.7,46.89,2026-02-20T03:44:57.0000000+00:00
2/19/2026 11:07 PM,Winnings,Sportsbetting win payout | ID: 8581D2D0-91D6-A034-B3A8-13C743AC86A0,Sportsbook,+$7.70,$54.59,8581D2D0-91D6-A034-B3A8-13C743AC86A0,FiatTransactionDetails,USD,US-NC,WinningsC,SportsbookP,7.7,54.59,2026-02-20T04:07:01.0000000+00:00
2/20/2026 12:01 AM,Winnings,Sportsbetting win payout | ID: D340E14C-845F-909A-0B64-64F67E921DE6,Sportsbook,+$5.60,$60.19,D340E14C-845F-909A-0B64-64F67E921DE6,FiatTransactionDetails,USD,US-NC,WinningsC,SportsbookP,5.6,60.19,2026-02-20T05:01:41.0000000+00:00
2/20/2026 10:27 AM,Wagers and Entry Fees and Purchases,Sportsbook wager | ID: 8C064ABA-EECC-E935-CAE0-545E5B8241EB,Sportsbook,-$10.00,$50.19,8C064ABA-EECC-E935-CAE0-545E5B8241EB,FiatTransactionDetails,USD,US-NC,WagersEntryPurC,SportsbookP,-10,50.19,2026-02-20T15:27:18.0000000+00:00
2/20/2026 10:27 AM,Wagers and Entry Fees and Purchases,Sportsbook wager | ID: 962A44C3-6B10-14E9-2392-A9CA032FBEE3,Sportsbook,-$10.00,$40.19,962A44C3-6B10-14E9-2392-A9CA032FBEE3,FiatTransactionDetails,USD,US-NC,WagersEntryPurC,SportsbookP,-10,40.19,2026-02-20T15:27:36.0000000+00:00
2/20/2026 10:27 AM,Wagers and Entry Fees and Purchases,Sportsbook wager | ID: A175F34B-FFCC-3A61-FCA7-346ECEB47779,Sportsbook,-$10.00,$30.19,A175F34B-FFCC-3A61-FCA7-346ECEB47779,FiatTransactionDetails,USD,US-NC,WagersEntryPurC,SportsbookP,-10,30.19,2026-02-20T15:27:53.0000000+00:00
2/20/2026 10:28 AM,Wagers and Entry Fees and Purchases,Sportsbook wager | ID: 69E8EA1D-0C62-B2E4-07F9-3B3021464641,Sportsbook,-$10.00,$20.19,69E8EA1D-0C62-B2E4-07F9-3B3021464641,FiatTransactionDetails,USD,US-NC,WagersEntryPurC,SportsbookP,-10,20.19,2026-02-20T15:28:11.0000000+00:00
2/20/2026 8:53 PM,Winnings,Sportsbetting win payout | ID: 3CC8C58B-F0E0-BD61-F513-82FE9C9171E4,Sportsbook,+$18.92,$39.11,3CC8C58B-F0E0-BD61-F513-82FE9C9171E4,FiatTransactionDetails,USD,US-NC,WinningsC,SportsbookP,18.92,39.11,2026-02-21T01:53:29.0000000+00:00
2/21/2026 10:43 AM,Wagers and Entry Fees and Purchases,Sportsbook wager | ID: 4A937945-FBE0-92D5-41BD-7BA397964AA8,Sportsbook,-$5.00,$34.11,4A937945-FBE0-92D5-41BD-7BA397964AA8,FiatTransactionDetails,USD,US-NC,WagersEntryPurC,SportsbookP,-5,34.11,2026-02-21T15:43:09.0000000+00:00
2/21/2026 10:43 AM,Wagers and Entry Fees and Purchases,Sportsbook wager | ID: D35E3BD5-C447-5A5A-6930-2162E4229F6C,Sportsbook,-$5.00,$29.11,D35E3BD5-C447-5A5A-6930-2162E4229F6C,FiatTransactionDetails,USD,US-NC,WagersEntryPurC,SportsbookP,-5,29.11,2026-02-21T15:43:38.0000000+00:00
2/21/2026 10:44 AM,Wagers and Entry Fees and Purchases,Sportsbook wager | ID: AE9662CC-D046-1D2E-BCA2-49F5CE3F1790,Sportsbook,-$5.00,$24.11,AE9662CC-D046-1D2E-BCA2-49F5CE3F1790,FiatTransactionDetails,USD,US-NC,WagersEntryPurC,SportsbookP,-5,24.11,2026-02-21T15:44:21.0000000+00:00
2/21/2026 10:44 AM,Wagers and Entry Fees and Purchases,Sportsbook wager | ID: F4573E60-9997-7E3F-CDE1-71374E1DD8FC,Sportsbook,-$5.00,$19.11,F4573E60-9997-7E3F-CDE1-71374E1DD8FC,FiatTransactionDetails,USD,US-NC,WagersEntryPurC,SportsbookP,-5,19.11,2026-02-21T15:44:36.0000000+00:00
2/21/2026 10:44 AM,Wagers and Entry Fees and Purchases,Sportsbook wager | ID: 9DDF1D94-2DDC-ADE1-24BE-F9EEEE8A5C1D,Sportsbook,-$8.00,$11.11,9DDF1D94-2DDC-ADE1-24BE-F9EEEE8A5C1D,FiatTransactionDetails,USD,US-NC,WagersEntryPurC,SportsbookP,-8,11.11,2026-02-21T15:44:52.0000000+00:00
2/21/2026 10:45 AM,Wagers and Entry Fees and Purchases,Sportsbook wager | ID: E430939C-BE8E-820E-11AD-EFFC5130094E,Sportsbook,-$7.00,$4.11,E430939C-BE8E-820E-11AD-EFFC5130094E,FiatTransactionDetails,USD,US-NC,WagersEntryPurC,SportsbookP,-7,4.11,2026-02-21T15:45:09.0000000+00:00
2/21/2026 10:46 AM,Wagers and Entry Fees and Purchases,Sportsbook wager | ID: 1B32ECD1-1E97-2D5E-EF9C-35F3ED534AA8,Sportsbook,-$3.59,$0.52,1B32ECD1-1E97-2D5E-EF9C-35F3ED534AA8,FiatTransactionDetails,USD,US-NC,WagersEntryPurC,SportsbookP,-3.59,0.52,2026-02-21T15:46:05.0000000+00:00
2/21/2026 2:07 PM,Winnings,Sportsbetting win payout | ID: 98C60698-5D33-FC85-C052-5BD2DE653C52,Sportsbook,+$19.09,$19.61,98C60698-5D33-FC85-C052-5BD2DE653C52,FiatTransactionDetails,USD,US-NC,WinningsC,SportsbookP,19.09,19.61,2026-02-21T19:07:28.0000000+00:00
2/21/2026 4:03 PM,Winnings,Sportsbetting win payout | ID: 9E917DB0-2076-4868-B5FF-734C267A604D,Sportsbook,+$9.23,$28.84,9E917DB0-2076-4868-B5FF-734C267A604D,FiatTransactionDetails,USD,US-NC,WinningsC,SportsbookP,9.23,28.84,2026-02-21T21:03:25.0000000+00:00
2/21/2026 4:48 PM,Winnings,Sportsbetting win payout | ID: 850A4D9D-4678-9DD3-26AA-16C5F5BBB6CC,Sportsbook,+$9.23,$38.07,850A4D9D-4678-9DD3-26AA-16C5F5BBB6CC,FiatTransactionDetails,USD,US-NC,WinningsC,SportsbookP,9.23,38.07,2026-02-21T21:48:15.0000000+00:00
2/21/2026 5:06 PM,Winnings,Sportsbetting win payout | ID: D5CA695E-F3F6-29E2-4DB0-9B8CCB790B76,Sportsbook,+$15.61,$53.68,D5CA695E-F3F6-29E2-4DB0-9B8CCB790B76,FiatTransactionDetails,USD,US-NC,WinningsC,SportsbookP,15.61,53.68,2026-02-21T22:06:42.0000000+00:00
2/21/2026 5:23 PM,Winnings,Sportsbetting win payout | ID: 81EAB7FC-AF95-FEC9-1452-45AE18C7A2A8,Sportsbook,+$9.34,$63.02,81EAB7FC-AF95-FEC9-1452-45AE18C7A2A8,FiatTransactionDetails,USD,US-NC,WinningsC,SportsbookP,9.34,63.02,2026-02-21T22:23:25.0000000+00:00
2/21/2026 6:05 PM,Winnings,Sportsbetting win payout | ID: A502EB8A-D0D4-D856-5F61-F8E4F038BAEA,Sportsbook,+$6.79,$69.81,A502EB8A-D0D4-D856-5F61-F8E4F038BAEA,FiatTransactionDetails,USD,US-NC,WinningsC,SportsbookP,6.79,69.81,2026-02-21T23:05:37.0000000+00:00
2/22/2026 1:14 PM,Wagers and Entry Fees and Purchases,Sportsbook wager | ID: 94ACB239-5A3A-00B9-0CBC-8BB64A6F9827,Sportsbook,-$2.00,$67.81,94ACB239-5A3A-00B9-0CBC-8BB64A6F9827,FiatTransactionDetails,USD,US-NC,WagersEntryPurC,SportsbookP,-2,67.81,2026-02-22T18:14:44.0000000+00:00
2/22/2026 2:27 PM,Wagers and Entry Fees and Purchases,Sportsbook wager | ID: 063151B4-9ECD-540E-4DA0-2E53620377DD,Sportsbook,-$5.00,$62.81,063151B4-9ECD-540E-4DA0-2E53620377DD,FiatTransactionDetails,USD,US-NC,WagersEntryPurC,SportsbookP,-5,62.81,2026-02-22T19:27:52.0000000+00:00
2/22/2026 2:28 PM,Wagers and Entry Fees and Purchases,Sportsbook wager | ID: 4D531D9F-274C-C0AE-2FBC-332B18DA6592,Sportsbook,-$5.00,$57.81,4D531D9F-274C-C0AE-2FBC-332B18DA6592,FiatTransactionDetails,USD,US-NC,WagersEntryPurC,SportsbookP,-5,57.81,2026-02-22T19:28:08.0000000+00:00
2/22/2026 2:28 PM,Wagers and Entry Fees and Purchases,Sportsbook wager | ID: F27C220D-5F60-6A61-309D-AE5BD605C1E4,Sportsbook,-$5.00,$52.81,F27C220D-5F60-6A61-309D-AE5BD605C1E4,FiatTransactionDetails,USD,US-NC,WagersEntryPurC,SportsbookP,-5,52.81,2026-02-22T19:28:41.0000000+00:00
2/22/2026 5:56 PM,Winnings,Sportsbetting win payout | ID: 95606DB0-8613-1908-529D-9766E8F0A0B2,Sportsbook,+$9.62,$62.43,95606DB0-8613-1908-529D-9766E8F0A0B2,FiatTransactionDetails,USD,US-NC,WinningsC,SportsbookP,9.62,62.43,2026-02-22T22:56:43.0000000+00:00
2/23/2026 7:33 AM,Wagers and Entry Fees and Purchases,Sportsbook wager | ID: A00CC86E-64ED-C39B-1ED5-DEBB853C753A,Sportsbook,-$10.00,$52.43,A00CC86E-64ED-C39B-1ED5-DEBB853C753A,FiatTransactionDetails,USD,US-NC,WagersEntryPurC,SportsbookP,-10,52.43,2026-02-23T12:33:33.0000000+00:00
2/23/2026 7:33 AM,Wagers and Entry Fees and Purchases,Sportsbook wager | ID: 3FF09229-B9F9-A61F-EBC0-CD9A699778D7,Sportsbook,-$10.00,$42.43,3FF09229-B9F9-A61F-EBC0-CD9A699778D7,FiatTransactionDetails,USD,US-NC,WagersEntryPurC,SportsbookP,-10,42.43,2026-02-23T12:33:48.0000000+00:00
2/23/2026 7:43 AM,Wagers and Entry Fees and Purchases,Sportsbook wager | ID: C969EB3F-EAF1-2E13-E562-56D3C79737A8,Sportsbook,-$5.00,$37.43,C969EB3F-EAF1-2E13-E562-56D3C79737A8,FiatTransactionDetails,USD,US-NC,WagersEntryPurC,SportsbookP,-5,37.43,2026-02-23T12:43:04.0000000+00:00
2/23/2026 5:52 PM,Wagers and Entry Fees and Purchases,Sportsbook wager | ID: 106DDE23-699D-61D2-CCE7-F7F2E2E6D843,Sportsbook,-$5.00,$32.43,106DDE23-699D-61D2-CCE7-F7F2E2E6D843,FiatTransactionDetails,USD,US-NC,WagersEntryPurC,SportsbookP,-5,32.43,2026-02-23T22:52:13.0000000+00:00
2/23/2026 5:52 PM,Wagers and Entry Fees and Purchases,Sportsbook wager | ID: 2533A03D-77F0-15BD-F922-F6626CAE218D,Sportsbook,-$5.00,$27.43,2533A03D-77F0-15BD-F922-F6626CAE218D,FiatTransactionDetails,USD,US-NC,WagersEntryPurC,SportsbookP,-5,27.43,2026-02-23T22:52:38.0000000+00:00
2/23/2026 5:52 PM,Wagers and Entry Fees and Purchases,Sportsbook wager | ID: 672CE2A3-F95D-1216-2AD9-9C524FE1557F,Sportsbook,-$8.00,$19.43,672CE2A3-F95D-1216-2AD9-9C524FE1557F,FiatTransactionDetails,USD,US-NC,WagersEntryPurC,SportsbookP,-8,19.43,2026-02-23T22:52:56.0000000+00:00
2/23/2026 6:46 PM,Wagers and Entry Fees and Purchases,Sportsbook wager | ID: 13324F72-94FE-DB76-D1BE-67F7340028F2,Sportsbook,-$5.00,$14.43,13324F72-94FE-DB76-D1BE-67F7340028F2,FiatTransactionDetails,USD,US-NC,WagersEntryPurC,SportsbookP,-5,14.43,2026-02-23T23:46:50.0000000+00:00
2/23/2026 6:47 PM,Wagers and Entry Fees and Purchases,Sportsbook wager | ID: A7006C89-77DE-B817-7659-0BD22048CBFA,Sportsbook,-$8.00,$6.43,A7006C89-77DE-B817-7659-0BD22048CBFA,FiatTransactionDetails,USD,US-NC,WagersEntryPurC,SportsbookP,-8,6.43,2026-02-23T23:47:12.0000000+00:00
2/23/2026 6:47 PM,Wagers and Entry Fees and Purchases,Sportsbook wager | ID: 67B5CE23-0804-471B-994A-FA36E1C7CE64,Sportsbook,-$5.91,$0.52,67B5CE23-0804-471B-994A-FA36E1C7CE64,FiatTransactionDetails,USD,US-NC,WagersEntryPurC,SportsbookP,-5.91,0.52,2026-02-23T23:47:39.0000000+00:00
2/23/2026 9:01 PM,Winnings,Sportsbetting win payout | ID: AF86EBB5-5CFF-4D93-9A47-D53A7FCB9A27,Sportsbook,+$18.69,$28.97,AF86EBB5-5CFF-4D93-9A47-D53A7FCB9A27,FiatTransactionDetails,USD,US-NC,WinningsC,SportsbookP,18.69,28.97,2026-02-24T02:01:37.0000000+00:00
2/23/2026 9:01 PM,Winnings,Sportsbetting win payout | ID: A8B7C765-53BD-1015-F9C1-CBB05B27EF55,Sportsbook,+$9.76,$10.28,A8B7C765-53BD-1015-F9C1-CBB05B27EF55,FiatTransactionDetails,USD,US-NC,WinningsC,SportsbookP,9.76,10.28,2026-02-24T02:01:37.0000000+00:00
2/23/2026 9:21 PM,Winnings,Sportsbetting win payout | ID: 8E153095-3127-1AF8-C62A-6022BF5E6FF0,Sportsbook,+$9.76,$76.50,8E153095-3127-1AF8-C62A-6022BF5E6FF0,FiatTransactionDetails,USD,US-NC,WinningsC,SportsbookP,9.76,76.5,2026-02-24T02:21:59.0000000+00:00
2/23/2026 9:21 PM,Winnings,Sportsbetting win payout | ID: E409410E-D76D-6703-7245-F4E414FB7063,Sportsbook,+$19.52,$66.74,E409410E-D76D-6703-7245-F4E414FB7063,FiatTransactionDetails,USD,US-NC,WinningsC,SportsbookP,19.52,66.74,2026-02-24T02:21:59.0000000+00:00
2/23/2026 9:21 PM,Winnings,Sportsbetting win payout | ID: 22B6B001-7878-CC70-F495-E0E9C93751F5,Sportsbook,+$18.25,$47.22,22B6B001-7878-CC70-F495-E0E9C93751F5,FiatTransactionDetails,USD,US-NC,WinningsC,SportsbookP,18.25,47.22,2026-02-24T02:21:59.0000000+00:00
2/24/2026 7:24 AM,Wagers and Entry Fees and Purchases,Sportsbook wager | ID: 922D1CDA-EC75-D8D4-26AE-667F21D3F7A4,Sportsbook,-$10.00,$66.50,922D1CDA-EC75-D8D4-26AE-667F21D3F7A4,FiatTransactionDetails,USD,US-NC,WagersEntryPurC,SportsbookP,-10,66.5,2026-02-24T12:24:20.0000000+00:00
2/24/2026 8:38 PM,Winnings,Sportsbetting win payout | ID: A6F4E9AD-E12C-925C-B68B-B5B0EF292985,Sportsbook,+$15.27,$81.77,A6F4E9AD-E12C-925C-B68B-B5B0EF292985,FiatTransactionDetails,USD,US-NC,WinningsC,SportsbookP,15.27,81.77,2026-02-25T01:38:48.0000000+00:00
2/24/2026 9:04 PM,Winnings,Sportsbetting win payout | ID: 494C1866-B672-845D-D018-A55B370A3E3E,Sportsbook,+$9.90,$91.67,494C1866-B672-845D-D018-A55B370A3E3E,FiatTransactionDetails,USD,US-NC,WinningsC,SportsbookP,9.9,91.67,2026-02-25T02:04:36.0000000+00:00
2/24/2026 11:09 PM,Winnings,Sportsbetting win payout | ID: D8350E8E-77BE-5908-711E-183716AE3F59,Sportsbook,+$9.54,$101.21,D8350E8E-77BE-5908-711E-183716AE3F59,FiatTransactionDetails,USD,US-NC,WinningsC,SportsbookP,9.54,101.21,2026-02-25T04:09:42.0000000+00:00
2/25/2026 1:23 AM,Winnings,Sportsbetting win payout | ID: C3D5745B-91AC-DC67-9ECE-489D0FBA96B7,Sportsbook,+$11.28,$112.49,C3D5745B-91AC-DC67-9ECE-489D0FBA96B7,FiatTransactionDetails,USD,US-NC,WinningsC,SportsbookP,11.28,112.49,2026-02-25T06:23:51.0000000+00:00
2/25/2026 10:13 AM,Wagers and Entry Fees and Purchases,Sportsbook wager | ID: DE9E08A1-4004-834F-44E6-0B9FB53758F3,Sportsbook,-$10.00,$102.49,DE9E08A1-4004-834F-44E6-0B9FB53758F3,FiatTransactionDetails,USD,US-NC,WagersEntryPurC,SportsbookP,-10,102.49,2026-02-25T15:13:07.0000000+00:00
2/25/2026 10:13 AM,Wagers and Entry Fees and Purchases,Sportsbook wager | ID: 7D6A44D1-6039-9841-4E91-174D25C1D932,Sportsbook,-$10.00,$92.49,7D6A44D1-6039-9841-4E91-174D25C1D932,FiatTransactionDetails,USD,US-NC,WagersEntryPurC,SportsbookP,-10,92.49,2026-02-25T15:13:30.0000000+00:00
2/25/2026 10:13 AM,Wagers and Entry Fees and Purchases,Sportsbook wager | ID: 4E454C6A-C348-A47B-E18D-57B2C8FAC44D,Sportsbook,-$10.00,$82.49,4E454C6A-C348-A47B-E18D-57B2C8FAC44D,FiatTransactionDetails,USD,US-NC,WagersEntryPurC,SportsbookP,-10,82.49,2026-02-25T15:13:42.0000000+00:00
2/25/2026 11:49 AM,Wagers and Entry Fees and Purchases,Sportsbook wager | ID: 53FDC488-3B3D-9B7D-12E7-7E977264F357,Sportsbook,-$5.00,$77.49,53FDC488-3B3D-9B7D-12E7-7E977264F357,FiatTransactionDetails,USD,US-NC,WagersEntryPurC,SportsbookP,-5,77.49,2026-02-25T16:49:36.0000000+00:00
2/25/2026 11:49 AM,Wagers and Entry Fees and Purchases,Sportsbook wager | ID: 38958D9A-3134-E276-3ECA-414DF38D8D41,Sportsbook,-$5.00,$72.49,38958D9A-3134-E276-3ECA-414DF38D8D41,FiatTransactionDetails,USD,US-NC,WagersEntryPurC,SportsbookP,-5,72.49,2026-02-25T16:49:47.0000000+00:00
2/25/2026 11:50 AM,Wagers and Entry Fees and Purchases,Sportsbook wager | ID: 0C4A9AA3-C734-13CE-8EA0-CCFB76CC6E5A,Sportsbook,-$5.00,$67.49,0C4A9AA3-C734-13CE-8EA0-CCFB76CC6E5A,FiatTransactionDetails,USD,US-NC,WagersEntryPurC,SportsbookP,-5,67.49,2026-02-25T16:50:04.0000000+00:00
2/25/2026 11:50 AM,Wagers and Entry Fees and Purchases,Sportsbook wager | ID: C4320D15-7535-43F3-4398-1B0A71634B46,Sportsbook,-$5.00,$62.49,C4320D15-7535-43F3-4398-1B0A71634B46,FiatTransactionDetails,USD,US-NC,WagersEntryPurC,SportsbookP,-5,62.49,2026-02-25T16:50:23.0000000+00:00
2/25/2026 1:10 PM,Wagers and Entry Fees and Purchases,Sportsbook wager | ID: 4D510766-23AA-8821-1949-1D25488E6494,Sportsbook,-$10.00,$52.49,4D510766-23AA-8821-1949-1D25488E6494,FiatTransactionDetails,USD,US-NC,WagersEntryPurC,SportsbookP,-10,52.49,2026-02-25T18:10:16.0000000+00:00
2/25/2026 1:10 PM,Wagers and Entry Fees and Purchases,Sportsbook wager | ID: 8E17BBCC-132F-F0D8-0F9A-074C53F6C71F,Sportsbook,-$10.00,$42.49,8E17BBCC-132F-F0D8-0F9A-074C53F6C71F,FiatTransactionDetails,USD,US-NC,WagersEntryPurC,SportsbookP,-10,42.49,2026-02-25T18:10:31.0000000+00:00
2/25/2026 4:13 PM,Wagers and Entry Fees and Purchases,Sportsbook wager | ID: D763616E-0192-A604-520B-077B4F35494B,Sportsbook,-$10.00,$32.49,D763616E-0192-A604-520B-077B4F35494B,FiatTransactionDetails,USD,US-NC,WagersEntryPurC,SportsbookP,-10,32.49,2026-02-25T21:13:00.0000000+00:00
2/25/2026 4:48 PM,Wagers and Entry Fees and Purchases,Sportsbook wager | ID: 7B20198B-9AED-25C8-6C88-1E3074F190F7,Sportsbook,-$10.00,$22.49,7B20198B-9AED-25C8-6C88-1E3074F190F7,FiatTransactionDetails,USD,US-NC,WagersEntryPurC,SportsbookP,-10,22.49,2026-02-25T21:48:11.0000000+00:00
2/25/2026 6:51 PM,Winnings,Sportsbetting win payout | ID: A4D32E19-5302-B5C9-5832-BE9934BC6C88,Sportsbook,+$8.10,$30.59,A4D32E19-5302-B5C9-5832-BE9934BC6C88,FiatTransactionDetails,USD,US-NC,WinningsC,SportsbookP,8.1,30.59,2026-02-25T23:51:00.0000000+00:00
2/25/2026 6:51 PM,Winnings,Sportsbetting win payout | ID: 81DA92D8-F66B-ACEF-064D-7A269E6640D2,Sportsbook,+$8.10,$38.69,81DA92D8-F66B-ACEF-064D-7A269E6640D2,FiatTransactionDetails,USD,US-NC,WinningsC,SportsbookP,8.1,38.69,2026-02-25T23:51:03.0000000+00:00
2/25/2026 7:05 PM,Winnings,Sportsbetting win payout | ID: 4EFE82E6-0D93-C5B1-A88C-50E808BCBA56,Sportsbook,+$4.50,$43.19,4EFE82E6-0D93-C5B1-A88C-50E808BCBA56,FiatTransactionDetails,USD,US-NC,WinningsC,SportsbookP,4.5,43.19,2026-02-26T00:05:19.0000000+00:00
2/25/2026 8:13 PM,Wagers and Entry Fees and Purchases,Sportsbook wager | ID: 446D2C4B-F0B5-ECA1-166E-BF661B138D1D,Sportsbook,-$10.00,$33.19,446D2C4B-F0B5-ECA1-166E-BF661B138D1D,FiatTransactionDetails,USD,US-NC,WagersEntryPurC,SportsbookP,-10,33.19,2026-02-26T01:13:44.0000000+00:00
2/25/2026 8:14 PM,Wagers and Entry Fees and Purchases,Sportsbook wager | ID: 8057087A-9C58-0CCF-5313-B939FC11C348,Sportsbook,-$7.00,$26.19,8057087A-9C58-0CCF-5313-B939FC11C348,FiatTransactionDetails,USD,US-NC,WagersEntryPurC,SportsbookP,-7,26.19,2026-02-26T01:14:02.0000000+00:00
2/25/2026 8:14 PM,Wagers and Entry Fees and Purchases,Sportsbook wager | ID: 88AAA531-58B6-C101-1BCD-69518897E518,Sportsbook,-$5.00,$21.19,88AAA531-58B6-C101-1BCD-69518897E518,FiatTransactionDetails,USD,US-NC,WagersEntryPurC,SportsbookP,-5,21.19,2026-02-26T01:14:22.0000000+00:00
2/25/2026 8:14 PM,Wagers and Entry Fees and Purchases,Sportsbook wager | ID: 0B2409A0-24A3-BCFE-36D2-1A4D0B4D2305,Sportsbook,-$7.00,$14.19,0B2409A0-24A3-BCFE-36D2-1A4D0B4D2305,FiatTransactionDetails,USD,US-NC,WagersEntryPurC,SportsbookP,-7,14.19,2026-02-26T01:14:41.0000000+00:00
2/25/2026 9:25 PM,Winnings,Sportsbetting win payout | ID: 2B613F83-BF9B-EE83-24BD-F98225F7B168,Sportsbook,+$18.92,$33.11,2B613F83-BF9B-EE83-24BD-F98225F7B168,FiatTransactionDetails,USD,US-NC,WinningsC,SportsbookP,18.92,33.11,2026-02-26T02:25:22.0000000+00:00
2/25/2026 9:29 PM,Winnings,Sportsbetting win payout | ID: 7D35531A-0746-65AC-D9D2-007D3BFD4B05,Sportsbook,+$14.95,$48.06,7D35531A-0746-65AC-D9D2-007D3BFD4B05,FiatTransactionDetails,USD,US-NC,WinningsC,SportsbookP,14.95,48.06,2026-02-26T02:29:13.0000000+00:00
2/25/2026 9:43 PM,Winnings,Sportsbetting win payout | ID: 027C5152-C3C7-151D-DD59-D3289CD2A87E,Sportsbook,+$18.33,$66.39,027C5152-C3C7-151D-DD59-D3289CD2A87E,FiatTransactionDetails,USD,US-NC,WinningsC,SportsbookP,18.33,66.39,2026-02-26T02:43:38.0000000+00:00
2/25/2026 10:00 PM,Winnings,Sportsbetting win payout | ID: 72995BE3-8DE0-5C71-8AC4-1E23A5C6A8C6,Sportsbook,+$9.34,$75.73,72995BE3-8DE0-5C71-8AC4-1E23A5C6A8C6,FiatTransactionDetails,USD,US-NC,WinningsC,SportsbookP,9.34,75.73,2026-02-26T03:00:14.0000000+00:00
2/26/2026 12:10 AM,Winnings,Sportsbetting win payout | ID: 33BC713A-6862-946C-9055-8F1DEAD8141B,Sportsbook,+$19.25,$94.98,33BC713A-6862-946C-9055-8F1DEAD8141B,FiatTransactionDetails,USD,US-NC,WinningsC,SportsbookP,19.25,94.98,2026-02-26T05:10:05.0000000+00:00
2/26/2026 5:51 PM,Wagers and Entry Fees and Purchases,Sportsbook wager | ID: C5DB8D86-EB5F-0FEA-EBC8-96FEDD16B6A3,Sportsbook,-$10.00,$84.98,C5DB8D86-EB5F-0FEA-EBC8-96FEDD16B6A3,FiatTransactionDetails,USD,US-NC,WagersEntryPurC,SportsbookP,-10,84.98,2026-02-26T22:51:00.0000000+00:00
2/26/2026 6:52 PM,Winnings,Sportsbetting win payout | ID: B099C41F-C32C-0566-7801-C9B7708BD754,Sportsbook,+$13.36,$98.34,B099C41F-C32C-0566-7801-C9B7708BD754,FiatTransactionDetails,USD,US-NC,WinningsC,SportsbookP,13.36,98.34,2026-02-26T23:52:49.0000000+00:00
2/26/2026 7:05 PM,Wagers and Entry Fees and Purchases,Sportsbook wager | ID: 9FD0A0E2-6C1B-6258-1D2A-A915F8B24276,Sportsbook,-$10.00,$88.34,9FD0A0E2-6C1B-6258-1D2A-A915F8B24276,FiatTransactionDetails,USD,US-NC,WagersEntryPurC,SportsbookP,-10,88.34,2026-02-27T00:05:48.0000000+00:00
2/26/2026 9:02 PM,Winnings,Sportsbetting win payout | ID: 86668BCD-D30C-5F48-5CDD-219AD8882F51,Sportsbook,+$14.14,$102.48,86668BCD-D30C-5F48-5CDD-219AD8882F51,FiatTransactionDetails,USD,US-NC,WinningsC,SportsbookP,14.14,102.48,2026-02-27T02:02:14.0000000+00:00
2/27/2026 5:54 AM,Wagers and Entry Fees and Purchases,Sportsbook wager | ID: E6D51175-6BF8-D734-5E8F-F61B5B1CC848,Sportsbook,-$10.00,$92.48,E6D51175-6BF8-D734-5E8F-F61B5B1CC848,FiatTransactionDetails,USD,US-NC,WagersEntryPurC,SportsbookP,-10,92.48,2026-02-27T10:54:57.0000000+00:00
2/27/2026 5:55 AM,Wagers and Entry Fees and Purchases,Sportsbook wager | ID: 7C81BD4A-1453-B81D-C961-48C722D62D0A,Sportsbook,-$7.00,$85.48,7C81BD4A-1453-B81D-C961-48C722D62D0A,FiatTransactionDetails,USD,US-NC,WagersEntryPurC,SportsbookP,-7,85.48,2026-02-27T10:55:31.0000000+00:00
2/27/2026 5:55 AM,Wagers and Entry Fees and Purchases,Sportsbook wager | ID: C50D6B76-3831-0E70-DF94-8D77E2BB0FF1,Sportsbook,-$7.00,$78.48,C50D6B76-3831-0E70-DF94-8D77E2BB0FF1,FiatTransactionDetails,USD,US-NC,WagersEntryPurC,SportsbookP,-7,78.48,2026-02-27T10:55:50.0000000+00:00
2/27/2026 5:56 AM,Wagers and Entry Fees and Purchases,Sportsbook wager | ID: 0A7215DF-8BF0-6E44-861B-781D0B52ED8C,Sportsbook,-$7.00,$71.48,0A7215DF-8BF0-6E44-861B-781D0B52ED8C,FiatTransactionDetails,USD,US-NC,WagersEntryPurC,SportsbookP,-7,71.48,2026-02-27T10:56:03.0000000+00:00
2/27/2026 5:56 AM,Wagers and Entry Fees and Purchases,Sportsbook wager | ID: A2809C12-827E-0633-7238-BB5DB60B8C37,Sportsbook,-$7.00,$64.48,A2809C12-827E-0633-7238-BB5DB60B8C37,FiatTransactionDetails,USD,US-NC,WagersEntryPurC,SportsbookP,-7,64.48,2026-02-27T10:56:17.0000000+00:00
2/27/2026 10:00 AM,Wagers and Entry Fees and Purchases,Sportsbook wager | ID: 3B721210-9227-F524-B7AC-6C7929506B17,Sportsbook,-$8.00,$56.48,3B721210-9227-F524-B7AC-6C7929506B17,FiatTransactionDetails,USD,US-NC,WagersEntryPurC,SportsbookP,-8,56.48,2026-02-27T15:00:44.0000000+00:00
2/27/2026 10:00 AM,Wagers and Entry Fees and Purchases,Sportsbook wager | ID: E2DAB8C3-5AEE-9213-4601-DADDDEFC37F8,Sportsbook,-$5.00,$51.48,E2DAB8C3-5AEE-9213-4601-DADDDEFC37F8,FiatTransactionDetails,USD,US-NC,WagersEntryPurC,SportsbookP,-5,51.48,2026-02-27T15:00:59.0000000+00:00
2/27/2026 10:01 AM,Wagers and Entry Fees and Purchases,Sportsbook wager | ID: 2931E754-AEAB-BE9F-3B93-D678632FDB22,Sportsbook,-$8.00,$43.48,2931E754-AEAB-BE9F-3B93-D678632FDB22,FiatTransactionDetails,USD,US-NC,WagersEntryPurC,SportsbookP,-8,43.48,2026-02-27T15:01:14.0000000+00:00
2/27/2026 10:01 AM,Wagers and Entry Fees and Purchases,Sportsbook wager | ID: B1E4FE1B-47AA-158A-5CAB-CF83F47566CA,Sportsbook,-$7.00,$36.48,B1E4FE1B-47AA-158A-5CAB-CF83F47566CA,FiatTransactionDetails,USD,US-NC,WagersEntryPurC,SportsbookP,-7,36.48,2026-02-27T15:01:29.0000000+00:00
2/27/2026 10:01 AM,Wagers and Entry Fees and Purchases,Sportsbook wager | ID: 0E6BD5DB-3E9E-644A-987B-6E16EE19C09B,Sportsbook,-$8.00,$28.48,0E6BD5DB-3E9E-644A-987B-6E16EE19C09B,FiatTransactionDetails,USD,US-NC,WagersEntryPurC,SportsbookP,-8,28.48,2026-02-27T15:01:52.0000000+00:00
2/27/2026 10:02 AM,Wagers and Entry Fees and Purchases,Sportsbook wager | ID: 8806E392-F70F-0F49-6A8E-F0E85BCC7D8E,Sportsbook,-$7.00,$21.48,8806E392-F70F-0F49-6A8E-F0E85BCC7D8E,FiatTransactionDetails,USD,US-NC,WagersEntryPurC,SportsbookP,-7,21.48,2026-02-27T15:02:11.0000000+00:00
2/27/2026 10:02 AM,Wagers and Entry Fees and Purchases,Sportsbook wager | ID: EB38AF56-91A4-BF90-16F1-939C84C764C0,Sportsbook,-$5.00,$16.48,EB38AF56-91A4-BF90-16F1-939C84C764C0,FiatTransactionDetails,USD,US-NC,WagersEntryPurC,SportsbookP,-5,16.48,2026-02-27T15:02:31.0000000+00:00
2/27/2026 10:02 AM,Wagers and Entry Fees and Purchases,Sportsbook wager | ID: 8D2B2538-89C7-9883-D348-0AF8C6001D6C,Sportsbook,-$5.00,$11.48,8D2B2538-89C7-9883-D348-0AF8C6001D6C,FiatTransactionDetails,USD,US-NC,WagersEntryPurC,SportsbookP,-5,11.48,2026-02-27T15:02:47.0000000+00:00
2/27/2026 10:03 AM,Wagers and Entry Fees and Purchases,Sportsbook wager | ID: 2375385F-E0A7-A28F-7C20-670A4B1BEE40,Sportsbook,-$5.00,$6.48,2375385F-E0A7-A28F-7C20-670A4B1BEE40,FiatTransactionDetails,USD,US-NC,WagersEntryPurC,SportsbookP,-5,6.48,2026-02-27T15:03:02.0000000+00:00
2/27/2026 12:40 PM,Wagers and Entry Fees and Purchases,Sportsbook wager | ID: 78F62ADB-ED0F-F69A-30DC-094CC3C48467,Sportsbook,-$5.96,$0.52,78F62ADB-ED0F-F69A-30DC-094CC3C48467,FiatTransactionDetails,USD,US-NC,WagersEntryPurC,SportsbookP,-5.96,0.52,2026-02-27T17:40:05.0000000+00:00
2/27/2026 12:41 PM,Winnings,Sportsbetting win payout | ID: 87466509-B12C-61CC-066F-9EA09A539BB1,Sportsbook,+$4.50,$5.02,87466509-B12C-61CC-066F-9EA09A539BB1,FiatTransactionDetails,USD,US-NC,WinningsC,SportsbookP,4.5,5.02,2026-02-27T17:41:13.0000000+00:00
2/27/2026 12:41 PM,Winnings,Sportsbetting win payout | ID: EBEE2FB2-8689-0A3E-DD94-33A12C2D7CA0,Sportsbook,+$7.20,$12.22,EBEE2FB2-8689-0A3E-DD94-33A12C2D7CA0,FiatTransactionDetails,USD,US-NC,WinningsC,SportsbookP,7.2,12.22,2026-02-27T17:41:48.0000000+00:00
2/27/2026 12:42 PM,Winnings,Sportsbetting win payout | ID: 4C06EFBA-A1AB-A3BC-ADD5-DDD3E73C1C9C,Sportsbook,+$6.12,$18.34,4C06EFBA-A1AB-A3BC-ADD5-DDD3E73C1C9C,FiatTransactionDetails,USD,US-NC,WinningsC,SportsbookP,6.12,18.34,2026-02-27T17:42:13.0000000+00:00
2/27/2026 12:42 PM,Winnings,Sportsbetting win payout | ID: AF6A2EFC-1BFE-845C-2CDD-5E813FE9F163,Sportsbook,+$8.46,$26.80,AF6A2EFC-1BFE-845C-2CDD-5E813FE9F163,FiatTransactionDetails,USD,US-NC,WinningsC,SportsbookP,8.46,26.8,2026-02-27T17:42:41.0000000+00:00
2/27/2026 12:43 PM,Winnings,Sportsbetting win payout | ID: D9E4EBA7-9878-CF4E-9EBA-F4B58865A2C7,Sportsbook,+$4.83,$31.63,D9E4EBA7-9878-CF4E-9EBA-F4B58865A2C7,FiatTransactionDetails,USD,US-NC,WinningsC,SportsbookP,4.83,31.63,2026-02-27T17:43:12.0000000+00:00
2/27/2026 12:43 PM,Wagers and Entry Fees and Purchases,Sportsbook wager | ID: 67285A0B-F15A-E5EB-705C-CBF3D47D99A5,Sportsbook,-$5.00,$26.63,67285A0B-F15A-E5EB-705C-CBF3D47D99A5,FiatTransactionDetails,USD,US-NC,WagersEntryPurC,SportsbookP,-5,26.63,2026-02-27T17:43:50.0000000+00:00
2/27/2026 12:44 PM,Wagers and Entry Fees and Purchases,Sportsbook wager | ID: AB0CFC72-26A0-973A-220C-A9C0326EFEC0,Sportsbook,-$7.00,$19.63,AB0CFC72-26A0-973A-220C-A9C0326EFEC0,FiatTransactionDetails,USD,US-NC,WagersEntryPurC,SportsbookP,-7,19.63,2026-02-27T17:44:32.0000000+00:00
2/27/2026 8:59 PM,Winnings,Sportsbetting win payout | ID: 45705EA5-0354-35EB-2320-A0A4E5CFE613,Sportsbook,+$9.54,$29.17,45705EA5-0354-35EB-2320-A0A4E5CFE613,FiatTransactionDetails,USD,US-NC,WinningsC,SportsbookP,9.54,29.17,2026-02-28T01:59:51.0000000+00:00
2/27/2026 10:06 PM,Winnings,Sportsbetting win payout | ID: E415D175-5DF1-9747-75B0-4D1F4C33E704,Sportsbook,+$12.93,$42.10,E415D175-5DF1-9747-75B0-4D1F4C33E704,FiatTransactionDetails,USD,US-NC,WinningsC,SportsbookP,12.93,42.1,2026-02-28T03:06:42.0000000+00:00
2/28/2026 11:21 AM,Wagers and Entry Fees and Purchases,Sportsbook wager | ID: 01CB98D6-95D4-6594-CE49-23B84CA7BED9,Sportsbook,-$5.00,$37.10,01CB98D6-95D4-6594-CE49-23B84CA7BED9,FiatTransactionDetails,USD,US-NC,WagersEntryPurC,SportsbookP,-5,37.1,2026-02-28T16:21:51.0000000+00:00
2/28/2026 11:22 AM,Wagers and Entry Fees and Purchases,Sportsbook wager | ID: B4EE33DE-A3BC-D577-8C97-091F7DCC1497,Sportsbook,-$6.00,$31.10,B4EE33DE-A3BC-D577-8C97-091F7DCC1497,FiatTransactionDetails,USD,US-NC,WagersEntryPurC,SportsbookP,-6,31.1,2026-02-28T16:22:15.0000000+00:00
2/28/2026 11:22 AM,Wagers and Entry Fees and Purchases,Sportsbook wager | ID: F5F99AD4-8667-3B43-85DF-003C6D69F673,Sportsbook,-$5.00,$26.10,F5F99AD4-8667-3B43-85DF-003C6D69F673,FiatTransactionDetails,USD,US-NC,WagersEntryPurC,SportsbookP,-5,26.1,2026-02-28T16:22:32.0000000+00:00
2/28/2026 11:23 AM,Wagers and Entry Fees and Purchases,Sportsbook wager | ID: 11B80693-305A-C952-A1F9-EEF8E888D977,Sportsbook,-$5.00,$21.10,11B80693-305A-C952-A1F9-EEF8E888D977,FiatTransactionDetails,USD,US-NC,WagersEntryPurC,SportsbookP,-5,21.1,2026-02-28T16:23:03.0000000+00:00
2/28/2026 11:25 AM,Wagers and Entry Fees and Purchases,Sportsbook wager | ID: 519A0EE7-204C-6BD5-0252-70748E484979,Sportsbook,-$5.00,$16.10,519A0EE7-204C-6BD5-0252-70748E484979,FiatTransactionDetails,USD,US-NC,WagersEntryPurC,SportsbookP,-5,16.1,2026-02-28T16:25:02.0000000+00:00
2/28/2026 11:25 AM,Wagers and Entry Fees and Purchases,Sportsbook wager | ID: 203BDA58-6D2A-ED9D-77BB-624DEA5FC8E5,Sportsbook,-$5.00,$11.10,203BDA58-6D2A-ED9D-77BB-624DEA5FC8E5,FiatTransactionDetails,USD,US-NC,WagersEntryPurC,SportsbookP,-5,11.1,2026-02-28T16:25:24.0000000+00:00
2/28/2026 11:25 AM,Wagers and Entry Fees and Purchases,Sportsbook wager | ID: CCAFEA8C-3536-597E-25E8-AAAD0A61CCB8,Sportsbook,-$5.00,$6.10,CCAFEA8C-3536-597E-25E8-AAAD0A61CCB8,FiatTransactionDetails,USD,US-NC,WagersEntryPurC,SportsbookP,-5,6.1,2026-02-28T16:25:52.0000000+00:00
2/28/2026 11:26 AM,Wagers and Entry Fees and Purchases,Sportsbook wager | ID: 5CDF72A2-3599-411C-38E0-76B615EACA0B,Sportsbook,-$5.58,$0.52,5CDF72A2-3599-411C-38E0-76B615EACA0B,FiatTransactionDetails,USD,US-NC,WagersEntryPurC,SportsbookP,-5.58,0.52,2026-02-28T16:26:49.0000000+00:00
2/28/2026 12:51 PM,Deposits,Gaming Deposit - Mastercard XX4079 | ID: C8FCF7C1-A2D9-2F58-B4AA-972976910CE1,Financial,+$50.00,$50.52,C8FCF7C1-A2D9-2F58-B4AA-972976910CE1,FiatTransactionDetails,USD,US-NC,DepositsC,FinancialP,50,50.52,2026-02-28T17:51:57.0000000+00:00
2/28/2026 12:52 PM,Wagers and Entry Fees and Purchases,Sportsbook wager | ID: 820F6982-79B9-4DD9-F84E-087E2FDE3C8D,Sportsbook,-$5.00,$45.52,820F6982-79B9-4DD9-F84E-087E2FDE3C8D,FiatTransactionDetails,USD,US-NC,WagersEntryPurC,SportsbookP,-5,45.52,2026-02-28T17:52:12.0000000+00:00
2/28/2026 12:53 PM,Wagers and Entry Fees and Purchases,Sportsbook wager | ID: AC50CEDE-3819-9235-DD15-5EBC23E97D8C,Sportsbook,-$5.00,$40.52,AC50CEDE-3819-9235-DD15-5EBC23E97D8C,FiatTransactionDetails,USD,US-NC,WagersEntryPurC,SportsbookP,-5,40.52,2026-02-28T17:53:12.0000000+00:00
2/28/2026 12:53 PM,Wagers and Entry Fees and Purchases,Sportsbook wager | ID: 4BA11B7D-E3A2-3A7A-56A2-4FBE4BDD5EC6,Sportsbook,-$5.00,$35.52,4BA11B7D-E3A2-3A7A-56A2-4FBE4BDD5EC6,FiatTransactionDetails,USD,US-NC,WagersEntryPurC,SportsbookP,-5,35.52,2026-02-28T17:53:30.0000000+00:00
2/28/2026 12:53 PM,Wagers and Entry Fees and Purchases,Sportsbook wager | ID: 573D7C95-4721-6A51-5157-93BF002A96B7,Sportsbook,-$5.00,$30.52,573D7C95-4721-6A51-5157-93BF002A96B7,FiatTransactionDetails,USD,US-NC,WagersEntryPurC,SportsbookP,-5,30.52,2026-02-28T17:53:47.0000000+00:00
2/28/2026 1:56 PM,Winnings,Sportsbetting win payout | ID: 50488562-7F0C-82AE-EF89-E60E264D49C0,Sportsbook,+$9.54,$40.06,50488562-7F0C-82AE-EF89-E60E264D49C0,FiatTransactionDetails,USD,US-NC,WinningsC,SportsbookP,9.54,40.06,2026-02-28T18:56:41.0000000+00:00
2/28/2026 2:06 PM,Winnings,Sportsbetting win payout | ID: ABF8C418-CC29-F765-DB7A-7B54B04FC044,Sportsbook,+$9.54,$49.60,ABF8C418-CC29-F765-DB7A-7B54B04FC044,FiatTransactionDetails,USD,US-NC,WinningsC,SportsbookP,9.54,49.6,2026-02-28T19:06:40.0000000+00:00
2/28/2026 5:47 PM,Winnings,Sportsbetting win payout | ID: E7928E27-3A33-B50B-2E74-EB1FD9ED2FBA,Sportsbook,+$9.76,$59.36,E7928E27-3A33-B50B-2E74-EB1FD9ED2FBA,FiatTransactionDetails,USD,US-NC,WinningsC,SportsbookP,9.76,59.36,2026-02-28T22:47:37.0000000+00:00
2/28/2026 6:02 PM,Winnings,Sportsbetting win payout | ID: 94C8E671-B214-F561-C19E-BFD1E0582033,Sportsbook,+$9.76,$69.12,94C8E671-B214-F561-C19E-BFD1E0582033,FiatTransactionDetails,USD,US-NC,WinningsC,SportsbookP,9.76,69.12,2026-02-28T23:02:58.0000000+00:00
2/28/2026 6:11 PM,Winnings,Sportsbetting win payout | ID: EF1FDACC-F4A7-FF58-4E1C-F10B66FD1C92,Sportsbook,+$13.36,$82.48,EF1FDACC-F4A7-FF58-4E1C-F10B66FD1C92,FiatTransactionDetails,USD,US-NC,WinningsC,SportsbookP,13.36,82.48,2026-02-28T23:11:29.0000000+00:00
2/28/2026 6:51 PM,Winnings,Sportsbetting win payout | ID: 140F389C-0446-78B6-4D8B-685E8CD1EFA2,Sportsbook,+$9.34,$91.82,140F389C-0446-78B6-4D8B-685E8CD1EFA2,FiatTransactionDetails,USD,US-NC,WinningsC,SportsbookP,9.34,91.82,2026-02-28T23:51:24.0000000+00:00
2/28/2026 10:13 PM,Winnings,Sportsbetting win payout | ID: 9DD8E7B6-A9C1-87E7-715B-B24BF2128FCB,Sportsbook,+$9.54,$101.36,9DD8E7B6-A9C1-87E7-715B-B24BF2128FCB,FiatTransactionDetails,USD,US-NC,WinningsC,SportsbookP,9.54,101.36,2026-03-01T03:13:39.0000000+00:00
3/1/2026 9:22 AM,Wagers and Entry Fees and Purchases,Sportsbook wager | ID: F3400CB1-AA85-E8B1-C0EF-F427D5DC2CF9,Sportsbook,-$7.00,$94.36,F3400CB1-AA85-E8B1-C0EF-F427D5DC2CF9,FiatTransactionDetails,USD,US-NC,WagersEntryPurC,SportsbookP,-7,94.36,2026-03-01T14:22:53.0000000+00:00
3/1/2026 9:23 AM,Wagers and Entry Fees and Purchases,Sportsbook wager | ID: FBD43C77-F3C2-7B39-050E-67B5083D41D0,Sportsbook,-$7.00,$87.36,FBD43C77-F3C2-7B39-050E-67B5083D41D0,FiatTransactionDetails,USD,US-NC,WagersEntryPurC,SportsbookP,-7,87.36,2026-03-01T14:23:21.0000000+00:00
3/1/2026 9:24 AM,Wagers and Entry Fees and Purchases,Sportsbook wager | ID: 782465D0-5D3E-056E-0C9D-98D769B28370,Sportsbook,-$7.00,$80.36,782465D0-5D3E-056E-0C9D-98D769B28370,FiatTransactionDetails,USD,US-NC,WagersEntryPurC,SportsbookP,-7,80.36,2026-03-01T14:24:39.0000000+00:00
3/1/2026 9:25 AM,Wagers and Entry Fees and Purchases,Sportsbook wager | ID: B83D14B5-ECE6-85F0-7769-0C2D365FBB80,Sportsbook,-$7.00,$73.36,B83D14B5-ECE6-85F0-7769-0C2D365FBB80,FiatTransactionDetails,USD,US-NC,WagersEntryPurC,SportsbookP,-7,73.36,2026-03-01T14:25:08.0000000+00:00
3/1/2026 9:25 AM,Wagers and Entry Fees and Purchases,Sportsbook wager | ID: 593EE113-8962-C4D6-CF6F-4328C0566095,Sportsbook,-$7.00,$66.36,593EE113-8962-C4D6-CF6F-4328C0566095,FiatTransactionDetails,USD,US-NC,WagersEntryPurC,SportsbookP,-7,66.36,2026-03-01T14:25:37.0000000+00:00
3/1/2026 9:25 AM,Wagers and Entry Fees and Purchases,Sportsbook wager | ID: 09778E25-F98E-D59D-A083-C6FD0F513823,Sportsbook,-$8.00,$58.36,09778E25-F98E-D59D-A083-C6FD0F513823,FiatTransactionDetails,USD,US-NC,WagersEntryPurC,SportsbookP,-8,58.36,2026-03-01T14:25:56.0000000+00:00
3/1/2026 10:51 AM,Wagers and Entry Fees and Purchases,Sportsbook wager | ID: B7800B57-9527-96B6-9669-9B3208F44A0B,Sportsbook,-$8.00,$50.36,B7800B57-9527-96B6-9669-9B3208F44A0B,FiatTransactionDetails,USD,US-NC,WagersEntryPurC,SportsbookP,-8,50.36,2026-03-01T15:51:47.0000000+00:00
3/1/2026 10:52 AM,Wagers and Entry Fees and Purchases,Sportsbook wager | ID: DC84C3CF-C4D0-ADAC-A494-9C251D5DBC07,Sportsbook,-$8.00,$42.36,DC84C3CF-C4D0-ADAC-A494-9C251D5DBC07,FiatTransactionDetails,USD,US-NC,WagersEntryPurC,SportsbookP,-8,42.36,2026-03-01T15:52:11.0000000+00:00